3296 4754
239 563 280 622 24
624 555 662 608 m.
682 555 808 612 ruuuu
828 555 1021 622 crcaaoms

237 786 344 846 tamen
372 783 479 847 omnia
505 781 648 858 dulciora
675 780 757 847 fiunt
776 786 809 847 et
827 781 970 848 moribus
988 781 1081 848 bonis
1100 787 1134 847 et
1153 781 1287 862 artibus,
1316 781 1413 863 idque

237 907 307 955 cum
342 890 374 954 iu
407 889 473 955 vita
500 893 568 953 tum
596 889 630 953 iu
658 907 771 954 scaena
798 889 943 971 intellegi
971 893 1079 971 potest
1106 908 1145 954 ex
1173 889 1220 954 eis
1248 887 1411 968 fratribus,

237 995 292 1078 qui
318 997 352 1062 iu
378 994 534 1077 Adelphis
562 999 647 1062 suut.
689 1001 809 1079 quauta
833 997 867 1060 in
892 996 993 1061 altero
1022 995 1145 1076 diritas,
1173 997 1207 1060 in
1232 996 1334 1060 altero
1361 1013 1412 1060 co-

236 1104 347 1168 mitas!
386 1104 432 1168 sic
459 1121 494 1168 se
522 1121 574 1168 res
602 1102 716 1168 babet:
745 1108 782 1167 ut
809 1104 894 1168 enim
922 1121 986 1168 uon
1011 1121 1104 1168 omne
1129 1104 1248 1182 viuum,
1278 1102 1325 1167 sic
1349 1119 1412 1166 uon

236 1211 339 1276 omnis
373 1215 488 1274 natura
521 1214 688 1275 vetustate
720 1211 885 1276 coacescit.
932 1211 1138 1276 severitatem
1175 1209 1208 1274 iu
1246 1212 1411 1274 senectute
1463 1217 1465 1224 ’

235 1318 346 1398 probo,
375 1317 432 1382 sed
460 1335 540 1397 eam,
570 1317 652 1382 sicut
677 1317 750 1400 alia,
778 1317 945 1396 modicam,
973 1317 1180 1383 acerbitatem
1199 1316 1286 1382 nullo
1306 1316 1411 1380 modo.

183 1434 217 1487 ot
235 1425 370 1488 avaritia
406 1442 482 1488 vero
520 1424 630 1489 senilis
665 1424 742 1506 quid
776 1424 839 1489 sibi
872 1424 961 1504 velit,
998 1441 1063 1489 non
1097 1424 1266 1505 intelleg03
1303 1427 1412 1505 potest

236 1531 333 1596 euim
349 1531 522 1613 quidquam
550 1549 622 1596 esse
649 1530 820 1596 absurdius
849 1550 954 1613 quam,
984 1550 1046 1612 quo
1074 1531 1145 1596 viae
1172 1531 1278 1595 miuus
1297 1534 1409 1610 restet,

237 1657 274 1703 eo
302 1638 374 1720 plus
402 1638 510 1702 viatici
540 1638 717 1719 quaerere?

178 1748 216 1803 19
323 1743 444 1823 Quarta
476 1750 580 1810 restat
613 1762 718 1825 causa,
742 1734 836 1826 'quae
869 1744 1005 1809 maxime
1039 1762 1158 1826 augere
1191 1748 1288 1827 atque
1323 1743 1410 1808 solli-

235 1852 331 1917 citam
382 1850 502 1917 habere
553 1856 695 1917 nostram
748 1854 887 1917 aetatem
940 1850 1087 1932 videtur,
1142 1851 1410 1934 adpropinquatio

234 1960 366 2039 mortis,
410 1977 490 2040 quae
531 1964 618 2024 certe
659 1978 679 2022 a
720 1963 885 2024 senectute
927 1977 991 2023 non
1031 1961 1141 2040 potest
1185 1975 1258 2023 esse
1305 1958 1408 2038 longe.

233 2084 252 2130 o
287 2067 439 2131 miserum
474 2083 594 2146 senem,
630 2069 684 2148 qui
719 2071 855 2136 mortem
890 2065 1155 2130 contemnendam
1182 2083 1255 2130 esse
1281 2065 1316 2130 in
1343 2069 1409 2128 tam

232 2173 328 2254 longa
364 2175 470 2238 aetate
504 2190 568 2238 uon
602 2173 733 2239 viderit!
781 2192 863 2255 quae
896 2178 951 2238 aut
986 2172 1080 2254 plane
1115 2171 1314 2254 neglegenda
1348 2175 1409 2251 est,

234 2280 261 2343 si
296 2279 424 2344 omniuo
442 2280 618 2362 ⁴extinguit
651 2279 803 2360 animum,
838 2286 894 2344 aut
928 2280 1027 2344 etiam
1062 2279 1211 2361 optanda,
1246 2279 1275 2344 si
1301 2278 1408 2360 aliquo

234 2405 306 2451 eum
341 2385 479 2467 deducit,
513 2386 569 2452 ubi
603 2387 647 2452 sit
680 2384 807 2453 futurus
842 2393 1009 2467 aetemue3
1044 2386 1135 2468 atqui
1162 2386 1295 2451 tertium
1323 2389 1409 2450 certe

180 2506 214 2558 67
233 2493 314 2558 nihil
340 2493 477 2559 inveniri
504 2499 622 2577 potest.
669 2494 745 2576 quid
772 2495 872 2576 igitur
899 2495 1042 2573 timeam,
1078 2495 1106 2558 si
1134 2498 1283 2558 autnon
1310 2493 1409 2584 miser

233 2605 307 2682 post
347 2605 484 2666 mortem
525 2605 581 2664 aut
620 2601 735 2666 beatus
777 2603 876 2666 etiam
912 2598 1039 2665 futurus
1078 2601 1171 2664 sum?
1216 2618 1409 2682 quamquam

233 2708 304 2788 quis
333 2713 383 2774 est
410 2712 477 2771 tam
506 2708 635 2786 stultus,
666 2709 816 2798 ¹quamvis
845 2709 889 2773 sit
917 2708 1118 2787 adulescens
1151 2708 1201 2772 cui
1230 2707 1274 2772 sit
1301 2707 1409 2788 explo-

232 2819 338 2878 ratum
375 2831 409 2878 se
447 2815 488 2878 ad
523 2832 693 2895 vesperum
730 2833 803 2880 esse
839 2815 1019 2881 victurum?
1065 2815 1142 2896 quin
1183 2815 1281 2878 etiam
1318 2819 1408 2879 aetas

231 2921 287 2985 illa
322 2921 422 2986 multo
456 2922 566 3003 plures
601 2940 697 3003 quam
730 2927 842 2988 nostra
870 2940 963 2986 casura
991 2921 1106 2986 mortis
1134 2920 1248 2986 babet:
1283 2919 1408 2986 facilius

233 3029 266 3090 iu
300 3027 427 3094 morbos
462 3028 607 3094 incidunt
640 3028 872 3109 adulescentes,
908 3029 1037 3111 gravius
1065 3033 1245 3111 aegrotant,
1281 3027 1407 3092 tristius

232 3139 393 3200 curantur.
435 3135 545 3218 itaque
573 3136 666 3216 pauci
693 3136 825 3201 veniunt
852 3137 893 3201 ad
919 3140 1135 3216 senectutem3
1164 3136 1249 3217 quod
1273 3153 1337 3201 nou
1362 3135 1408 3198 ita

232 3242 401 3322 accideret,
437 3239 469 3308 so‘
502 3241 617 3307 melius
647 3248 680 3308 et
706 3243 896 3325 prudentius
924 3243 1096 3312 viveretur.
1143 3261 1233 3308 meus
1262 3242 1347 3306 enim
1376 3247 1409 3306 et

232 3350 314 3413 ratio
343 3353 376 3414 et
404 3348 572 3413 consilium
599 3348 634 3412 in
659 3349 789 3414 senibus
809 3354 876 3429 est3
906 3351 1007 3432 quisi
1027 3348 1273 3428 redimissent,
1301 3348 1407 3413 nullae

232 3456 360 3520 omuino
388 3456 535 3521 civitates
564 3454 712 3520 fuissent.
755 3456 812 3522 sed
837 3457 934 3522 redeo
953 3457 994 3522 ad
1013 3462 1150 3522 mortem
1168 3457 1406 3539 inpendentem.

233 3562 317 3643 quod
351 3568 401 3627 est
435 3562 524 3628 istud
558 3563 678 3628 crimen
712 3564 899 3644 senectutis,
934 3582 1006 3628 crum
1039 3564 1073 3628 id
1108 3565 1138 3630 ei
1169 3564 1307 3629 videatis
1336 3581 1406 3629 cum

179 3679 212 3730 aa
232 3668 450 3734 adulescentia
478 3687 550 3734 esse
579 3670 767 3736 commuue?
804 3672 891 3735 sensi
920 3689 979 3753 ego
1007 3671 1041 3734 in
1061 3672 1181 3753 optimo
1207 3669 1285 3752 filio,
1313 3676 1349 3736 tu
1373 3673 1407 3734 iu

232 3776 407 3856 expectatis
436 3777 477 3842 ad
493 3777 736 3860 ‘amplissimam
764 3777 955 3859 dignitatem
982 3776 1147 3859 fratribus,
1177 3777 1294 3862 Scipio,
1322 3797 1406 3843 mor-

231 3889 297 3947 tem
332 3883 417 3948 omui
452 3885 551 3950 aetati
579 3903 652 3950 esse
680 3903 888 3952 communem.
935 3891 970 3949 at
997 3890 1107 3967 sperat
1135 3877 1330 3952 adulescens
1352 3885 1407 3950 diu

232 4009 266 4054 se
293 3990 461 4071 victurum,
491 3992 576 4073 quod
602 4010 731 4074 sperare
757 3994 841 4058 idem
862 4011 960 4058 senex
977 4010 1041 4057 nou
1060 3997 1177 4075 potest.
1215 3993 1406 4074 insipienter

232 4102 350 4177 sperat.
397 4097 474 4179 quid
508 4099 592 4163 enim
628 4098 757 4164 stultius
787 4119 882 4182 quam
916 4101 1037 4164 incerta
1066 4119 1123 4181 pro
1152 4101 1247 4166 certis
1276 4098 1405 4180 habere,

230 4201 312 4267 falsa
339 4222 396 4285 pro
426 4204 532 4269 veris?
567 4209 602 4268 at
630 4223 727 4270 senex
755 4224 795 4270 ne
823 4207 908 4289 quod
933 4212 1043 4289 speret
1069 4207 1197 4289 quidem
1223 4207 1329 4275 habet.
1372 4215 1406 4274 at
