3296 4754
481 589 575 643 CATO
595 587 715 654 Malos
733 589 784 644 DE
803 589 1021 645 sanassent]
1040 591 1156 644 20-26.
1235 581 1239 588 ’
1387 596 1405 654 9

232 819 305 879 ante
333 814 409 894 dixi,
443 814 618 895 Isocraten,
654 814 805 897 Gorgian,
840 833 915 880 num
944 814 1206 896 philosophorum
1234 815 1406 896 principes,

231 921 455 1004 Pythagoram,
493 921 721 1002 Democritum,
758 941 833 987 nurn
870 921 1047 1002 Platonem,
1084 940 1160 986 num
1194 921 1406 998 Xenocraten,

231 1047 307 1094 num
335 1034 449 1111 postea
476 1029 646 1104 Zenonem,
683 1026 870 1094 Cleanthem
897 1033 953 1093 aut
981 1047 1064 1108 eum,
1101 1047 1196 1110 quem
1224 1046 1281 1094 vos
1309 1028 1406 1092 etiam

230 1136 359 1202 vidistis
395 1137 525 1216 Rornae,
564 1136 739 1218 Diogenem
779 1134 932 1215 Stoicum,
971 1135 1076 1216 coegit
1113 1135 1147 1200 in
1184 1135 1251 1200 suis
1290 1132 1406 1200 studiis

232 1241 452 1309 obmutescere
480 1243 652 1309 senectus?
678 1261 719 1307 an
746 1243 779 1306 in
807 1241 954 1307 omnibus
983 1242 1034 1308 his
1063 1241 1242 1307 studiorum
1270 1240 1406 1322 agitatio

231 1351 316 1416 vitae
351 1349 493 1431 aequalis
528 1348 613 1415 fuit?
657 1368 727 1430 age,
762 1354 800 1414 ut
833 1349 898 1414 ista
931 1348 1038 1413 divine
1073 1349 1179 1415 studia
1212 1349 1407 1427 omittamus,
1426 1359 1461 1410 24

232 1474 362 1538 possum
396 1457 560 1521 nominare
595 1476 634 1522 ex
661 1475 738 1537 agro
769 1455 886 1521 Sabino
913 1457 1052 1521 rusticos
1079 1456 1250 1534 Romanos,
1285 1456 1407 1520 vicinos

232 1568 265 1628 et
291 1561 466 1628 familiares
494 1580 592 1642 meos,
628 1563 745 1644 quibus
773 1561 960 1628 absentibus
988 1581 1160 1644 numquam
1188 1561 1255 1627 fere
1281 1563 1348 1627 ulla
1374 1560 1417 1626 in'

231 1688 309 1752 agro
336 1671 457 1735 maiora
484 1687 583 1750 opera
609 1668 700 1749 fiunt,
729 1687 792 1735 non
820 1669 976 1748 serendis,
1004 1687 1068 1734 non
1091 1669 1316 1750 percipiendis,
1344 1687 1407 1733 non

232 1777 404 1844 condendis
431 1775 598 1842 fructibus.
642 1795 833 1859 quamquam
861 1779 895 1841 in
922 1776 973 1841 his
1002 1777 1107 1842 minus
1126 1776 1187 1842 hoc
1204 1776 1320 1840 mirum
1339 1779 1407 1854 est;

231 1901 324 1949 nemo
360 1883 443 1947 enim
480 1888 530 1947 est
564 1888 630 1948 tam
665 1902 774 1964 senex,
810 1884 865 1966 qui
892 1902 927 1949 se
955 1902 1073 1949 annum
1100 1901 1164 1949 non
1191 1886 1285 1964 putet
1312 1899 1408 1964 posse

231 1991 356 2070 virere;
391 1989 449 2054 sed
477 1990 580 2054 eidem
608 1991 641 2054 in
669 1990 717 2055 eis
746 1991 920 2071 elaborant,
954 2009 1035 2072 quae
1064 1991 1170 2055 sciunt
1196 1989 1277 2054 nihil
1304 1988 1345 2053 ad
1372 2006 1407 2053 se

232 2097 360 2162 omnino
389 2097 567 2179 pertinere:
595 2085 718 2162 ‘serit
745 2097 926 2178 arbores,
955 2115 1057 2179 quae
1085 2097 1211 2162 alteri
1240 2095 1406 2161 saeculo

232 2195 442 2286 prosient',
478 2207 515 2268 ut
548 2204 594 2269 ait
623 2202 749 2270 Statius
783 2210 894 2271 noster
925 2205 957 2269 in
987 2203 1198 2286 Synephebis
1246 2221 1305 2268 nec
1331 2220 1407 2267 vero
1426 2213 1459 2264 25

233 2311 359 2377 dubitat
385 2310 535 2392 agricola,
569 2312 713 2393 quamvis
742 2312 785 2375 sit
812 2329 918 2390 senen,
948 2313 1124 2393 quaerenti,
1153 2312 1204 2376 cui
1232 2315 1329 2390 serat,
1357 2327 1407 2374 re·

233 2419 407 2500 spondere:
444 2403 521 2483 ‘dis
558 2417 863 2497 inmortalibus,
906 2419 974 2499 qui
1010 2437 1068 2482 me
1105 2435 1181 2483 non
1218 2419 1406 2499 accipere

231 2525 346 2590 modo
381 2526 479 2590 haec
513 2545 533 2590 a
567 2524 793 2591 maioribus
827 2523 1059 2603 voluerunt,
1095 2524 1165 2590 sed
1193 2525 1315 2589 etiam
1343 2542 1406 2604 po·

232 2633 360 2698 eteris
389 2619 588 2713 prodere'
625 2637 659 2697 et
685 2632 800 2697 melius
828 2629 985 2696 Caecilius
1014 2631 1053 2696 de
1072 2649 1148 2696 sene
1167 2631 1261 2695 elteri
1280 2631 1447 2696 sacculos

232 2738 447 2820 prospiciente
473 2757 568 2820 quam
593 2739 672 2804 illud
697 2739 799 2804 idem:

279 2845 435 2927 edepol,
465 2850 670 2925 senectus,
698 2849 731 2910 si
757 2845 815 2908 nil
842 2845 1056 2927 quicquam
1082 2844 1196 2910 alidd
1222 2845 1299 2910 viti

277 2951 476 3034 adpdrtes
502 2957 644 3032 tecum,
673 2971 757 3016 curn
782 2951 963 3031 advenis,
990 2967 1108 3017 unum
1132 2951 1173 3016 ld
1198 2956 1262 3017 sat
1288 2955 1361 3030 est,

278 3059 384 3142 quod
410 3059 478 3124 dtu
503 3059 677 3124 vivendo
703 3059 839 3139 mdlta,
866 3077 967 3140 quae
992 3077 1070 3123 non
1095 3058 1191 3137 volt,
1217 3058 1342 3133 pidet.

234 3170 267 3230 et
284 3167 386 3231 multa
403 3164 552 3245 fortasse,
576 3184 658 3247 quae
677 3166 760 3230 vult!
787 3171 884 3247 atque
903 3167 936 3231 in
956 3185 1003 3246 ea,
1030 3184 1112 3247 quae
1130 3183 1194 3230 non
1212 3165 1290 3247 vult,
1311 3183 1408 3247 saepe

234 3275 330 3338 etiam
354 3273 572 3339 adulescentia
589 3273 734 3337 incurrit.
769 3273 849 3338 illud
867 3291 942 3338 vero
961 3273 1046 3338 idem
1066 3271 1223 3338 Caecilius
1241 3272 1406 3338 vitiosius:

278 3385 359 3444 tum
385 3380 574 3462 equidem
598 3385 639 3445 ln
662 3381 833 3445 senecta
855 3379 928 3445 hoc
947 3380 1099 3462 deputo
1119 3381 1405 3462 miserrimum,

278 3491 439 3552 sentire
465 3505 509 3551 ea
534 3491 674 3552 aetate
700 3491 865 3568 eumpse
892 3505 983 3552 esse
1009 3488 1194 3553 odiosum
1221 3487 1359 3552 alteri.

188 3661 194 3680 ,
231 3593 401 3659 iucundum
428 3594 649 3676 potiusquam
670 3593 826 3659 odiosum.
869 3598 906 3658 ut
925 3595 1009 3660 enirn
1037 3593 1296 3661 adulescentibus
1323 3595 1407 3660 bona
1426 3605 1459 3656 ae

149 3775 153 3782 ¹
231 3700 337 3767 indole
372 3700 526 3782 praeditis
559 3702 722 3783 sapientes
751 3719 844 3768 senes
873 3702 1073 3768 delectantur
1100 3703 1264 3783 leviorque
1291 3700 1329 3766 fit
1356 3718 1406 3765 se-

232 3812 343 3873 nectus
381 3825 501 3886 eorum,
539 3808 594 3889 qui
628 3827 647 3872 a
679 3809 846 3874 iuventute
883 3809 1030 3873 coluntur
1066 3813 1101 3874 et
1133 3808 1323 3890 diliguntur,
1361 3809 1407 3873 sic

232 3915 452 3980 adulescentes
487 3933 600 3980 senum
634 3916 814 4006 praeceptis
849 3916 999 3996 gaudent,
1036 3915 1151 3997 quibus
1184 3917 1225 3980 ad
1252 3917 1406 3981 virtutum

232 4022 338 4088 studia
373 4022 547 4100 ducuntur;
582 4040 641 4086 nec
674 4023 779 4086 minus
814 4022 965 4104 intellego
1000 4041 1051 4086 me
1086 4023 1176 4089 vobis
1205 4042 1300 4105 quam
1328 4021 1407 4086 mihi
1474 4039 1480 4051 ·

231 4146 288 4194 ros
322 4147 393 4195 esse
428 4129 592 4195 iucundos.
641 4129 698 4194 sed
724 4129 852 4210 videtis,
887 4136 924 4194 ut
951 4133 1099 4195 senectus
1127 4148 1190 4195 non
1218 4130 1311 4195 modo
1338 4128 1405 4193 lan·

232 4236 329 4317 guida
355 4241 451 4318 atque
479 4237 566 4302 iners
594 4249 657 4301 non
685 4236 738 4317 sit,
766 4254 876 4302 verum
897 4237 992 4301 etiam
1013 4238 1057 4302 sit
1074 4255 1210 4319 operosa
1228 4241 1262 4301 et
1280 4254 1407 4317 semper
