3296 4754
233 589 274 648 28
604 581 653 649 Μ.
675 581 799 638 TULLII
818 580 1010 638 CICERONIS

231 807 292 888 qui
327 809 448 872 essent
472 805 576 870 Italici
613 806 811 888 philosophi¹
835 807 993 889 quondam
1028 809 1193 888 nominati,
1229 826 1402 890 numquam

230 913 405 992 dubitasse,
435 913 512 994 quin
540 931 579 978 ex
615 913 765 979 universa
799 917 906 978 mente
940 914 1048 979 diuina
1084 914 1241 982 delibatos
1279 915 1414 996 animos.

230 1019 431 1086 haberemus.
486 1019 790 1086 demonstrabantur
817 1021 896 1084 nrihi
924 1024 1101 1103 praeterea,
1137 1039 1219 1104 quae
1255 1020 1415 1088 Socratas.

230 1125 380 1209 supremo
407 1127 493 1192 vitae
521 1127 573 1206 die
593 1125 632 1192 de
660 1127 891 1206 inmortalitate
919 1128 1098 1193 animorum
1127 1127 1346 1209 disseruisset,
1373 1130 1402 1194 is

230 1235 284 1315 qui
312 1238 400 1299 esset
427 1235 569 1312 omnium
596 1234 856 1316 sapientissimus
889 1234 1048 1316 Apollinis
1077 1235 1203 1301 oraculo
1232 1236 1401 1301 iudicatus.

230 1342 307 1422 qnid
334 1341 469 1405 multal*
510 1341 557 1406 sic
585 1343 733 1423 persuasi
760 1341 849 1426 mihi,
876 1343 925 1406 sic
952 1344 1066 1422 sentio,
1103 1361 1173 1408 cum
1201 1346 1292 1407 tanta
1321 1342 1403 1407 cele·

229 1449 308 1514 ritas
336 1447 514 1512 animorum
543 1448 596 1528 sit,
625 1453 716 1513 tanta
743 1449 897 1514 memoria
924 1452 1171 1530 praeteritorum
1207 1447 1403 1514 futurorum-

229 1573 290 1636 que
318 1555 498 1636 prudentia,
528 1559 577 1619 tot
595 1559 692 1636 artes,
720 1559 772 1620 tot·
792 1556 933 1636 inventa,
953 1574 1016 1621 non
1034 1574 1220 1638 posseeam
1239 1550 1413 1639 naturam,

229 1680 309 1743 quae
337 1679 390 1727 res
418 1680 473 1726 eas
502 1664 673 1742 contineat,
703 1681 775 1728 esse
803 1663 982 1743 mortalem,
1010 1681 1146 1746 cumque
1179 1681 1307 1745 semper
1334 1664 1402 1745 agi-

228 1774 316 1833 tetur
350 1769 476 1833 animus
517 1787 576 1833 nec
616 1770 808 1851 principium
851 1774 957 1836 motus
999 1769 1126 1850 habeat,
1165 1751 1239 1852 quia
1268 1789 1303 1835 se
1330 1771 1401 1852 ipse

228 1879 364 1955 moveat,
383 1893 424 1940 ne
442 1874 538 1965 finem
553 1876 683 1958 quidem
701 1876 886 1942 habiturum
906 1893 978 1943 esse
997 1881 1113 1957 motus,
1134 1877 1209 1959 quia
1227 1896 1402 1959 numquam

228 2001 262 2048 se
295 1983 365 2064 ipse
401 1982 444 2048 sit
478 1983 570 2047 relict
556 1988 678 2069 t3nrns
681 1984 834 2048 etcum
862 1984 998 2066 simplex
1030 1985 1128 2048 animi
1166 1987 1282 2060 natura
1315 1988 1432 2049 esset

226 2107 330 2172 neque
371 2089 505 2154 haberet
491 2091 579 2155 tin
607 2108 642 2156 se
671 2091 845 2173 quidquam
873 2091 1050 2157 admixtum
1078 2091 1188 2173 dispar
1216 2091 1267 2156 sui
1304 2094 1401 2173 atque

227 2196 394 2275 dissimile,
413 2214 476 2261 non
495 2215 591 2278 posse
610 2216 683 2262 eum
702 2197 818 2278 dividi3
847 2199 932 2280 quod
952 2199 979 2264 si
998 2216 1060 2278 non
1080 2202 1201 2280 posset,
1219 2216 1284 2263 non
1303 2214 1399 2279 posse

226 2304 375 2383 interire3
404 2321 583 2386 magnoque
611 2321 683 2370 esse
721 2311 910 2387 argumento
945 2305 1091 2370 homines
1128 2306 1210 2371 scire
1247 2304 1400 2387 pleraque

226 2414 311 2490 ante,
340 2428 436 2492 quam
470 2411 538 2474 nati
566 2410 641 2492 sint,
671 2413 848 2493 quodiam
876 2413 978 2493 pueri,
1016 2430 1087 2477 cum
1129 2417 1216 2478 artes
1254 2410 1399 2476 difficiles

226 2517 361 2596 discant,
337 2517 435 2582 tite
463 2517 575 2582 celerit
561 2522 612 2583 ter
638 2537 691 2582 res
719 2518 969 2584 innumerabiles
996 2520 1164 2601 arripiant,
1198 2523 1234 2584 ut
1262 2537 1317 2584 eas
1335 2536 1399 2582 non

225 2629 295 2688 tum
313 2626 452 2706 primum
480 2625 624 2705 accipere
652 2626 781 2690 videant
767 2632 830 2706 tur,
868 2626 925 2691 sed
959 2627 1122 2692 reminisci
1159 2631 1192 2690 et
1178 2625 1398 2690 trecordari

167 2705 207 2830 ἓξ
226 2731 306 2797 haec
323 2731 395 2795 Plat
381 2731 467 2796 tonis
489 2729 566 2795 iere
613 2731 699 2814 apud
716 2732 963 2816 Xenophontem
991 2739 1098 2798 autem
1127 2733 1267 2797 moriens
1296 2729 1397 2814 Cyrus

225 2857 327 2902 maror
345 2837 424 2902 haec
442 2837 536 2903 drc1t
564 2822 713 2903 nolite
742 2833 855 2905 arbit
841 2841 964 2919 trani,
998 2858 1016 2905 o
1049 2841 1151 2904 mihi
1179 2839 1398 2905 carissimi

224 2943 324 3024 filii,
362 2961 433 3024 me,
471 2963 557 3010 cum
595 2965 614 3009 a
650 2946 767 3012 vobis
805 2947 1056 3026 discessero,
1092 2965 1295 3029 nusquam
1328 2951 1397 3009 aut

224 3051 388 3117 nullum
438 3049 542 3116 fore.
599 3071 673 3118 nec
719 3055 833 3134 enim,
872 3054 965 3118 dum
1019 3073 1130 3119 eram
1172 3053 1396 3131 uobiscum,

224 3160 407 3227 animum
445 3177 574 3223 meum
610 3159 843 3242 videbatis,
880 3161 953 3226 sed
999 3181 1088 3226 eum
1125 3179 1219 3226 esse
1251 3161 1292 3225 in
1323 3159 1397 3224 hoc

224 3261 487 3347 eorpore'ex
515 3267 575 3332 eis
603 3267 743 3347 rebus
783 3286 882 3350 quas
920 3268 1131 3350 gerebam,
1166 3267 1396 3347 int-ellege-

223 3372 346 3438 batis.
412 3372 585 3438 eundem
626 3374 767 3456 igitur
809 3393 899 3440 esse
946 3375 1171 3460 oreditote,
1218 3373 1395 3438 etiamsi

170 3491 205 3542 so
223 3479 383 3544 nullum
423 3479 646 3546 videbitis.
703 3500 777 3546 nec
816 3500 912 3548 varo
956 3483 1162 3547 clarorum
1208 3482 1395 3547 uirorum

223 3587 1395 3670 postmortemhonorespermanerent,sinihileorum

222 3693 415 3775 ipsorum
441 3695 568 3760 animi
596 3692 839 3776 efficerent,
866 3715 941 3778 quo
960 3696 1127 3761 diutius
1153 3695 1395 3760 memoriam

223 3799 291 3865 sui
324 3804 577 3866 teneremus.
632 3802 734 3866 mihi
772 3803 938 3885 quidem
975 3821 1189 3885 numquam
1228 3820 1394 3885 persua·
1441 3890 1443 3896 Α

224 3907 316 3971 deri
353 3909 499 3988 potuit
535 3908 704 3988 animos,
746 3909 835 3974 dum
872 3910 915 3974 in
951 3909 1205 3992 corporibus
1243 3913 1394 3974 essent

222 4015 489 4095 mortalibus,
504 4017 656 4095 vivere,
677 4033 764 4080 cum
782 4018 1136 4084 excessissentex
1156 4017 1229 4096 eis,
1245 4015 1392 4094 emori;

221 4139 295 4185 nec
325 4141 422 4187 vero
455 4127 539 4188 tum
571 4123 750 4188 animum
784 4141 875 4188 esse
908 4123 1122 4206 insipient
1130 4142 1196 4204 em
1226 4141 1312 4190 cum
1345 4142 1393 4189 ex

221 4228 451 4308 insipienti
485 4247 655 4310 corpore
696 4231 917 4310 evasisset,
894 4231 1036 4296 tsed
1080 4249 1163 4296 cnm
1196 4231 1302 4296 omni
1329 4231 1391 4296 ad·
