3296 4754
481 541 575 597 oano
594 540 714 596 maroa
733 540 783 595 on
804 540 1022 596 sannorum
1041 542 1156 596 re-aa.
1363 547 1404 608 oo
1471 503 1472 506 Ὺ
1532 523 1534 530 ’

237 766 443 831 mixtione
490 766 682 846 corporis
725 764 937 830 liberatus
978 783 1107 846 purus
1153 770 1195 830 et
1237 766 1409 849 integer
1452 843 1453 848 ,

238 891 341 940 esse
369 872 597 954 coepisset,
629 876 716 937 tum
741 890 835 937 esse
862 871 1110 954 sapientem.
1144 876 1265 954 atque
1285 877 1408 939 etiam

232 999 320 1046 cum
371 979 550 1044 hominis
601 984 754 1044 natura
804 982 937 1045 morte
982 978 1246 1060 dissolvitur,
1300 986 1407 1046 cete·

233 1106 370 1153 rarum
407 1105 542 1151 rerum
575 1086 842 1169 perspicuum
880 1090 948 1150 est
986 1104 1060 1167 quo
1102 1104 1285 1169 quaeque
1330 1087 1408 1153 dis-

234 1195 365 1260 cedat.
421 1193 572 1258 abeunt
609 1195 714 1258 enim
746 1192 848 1258 illuc
880 1193 1025 1272 omnia,
1057 1193 1161 1257 unde
1194 1198 1408 1274 ortas'unt,

234 1303 393 1367 animus
438 1305 575 1364 autem
619 1301 744 1380 soluS,
795 1318 867 1366 nec
910 1318 994 1364 cum
1045 1300 1166 1365 adest
1209 1319 1282 1365 nec
1325 1319 1409 1366 cum
1489 1327 1502 1332 κ·

232 1408 430 1487 discedit,
475 1413 657 1493 apparet.
713 1408 791 1471 iam
829 1425 924 1473 vero
968 1406 1126 1472 videtis
1174 1407 1280 1471 nihil
1317 1427 1409 1472 esse

231 1511 358 1580 morti
395 1519 474 1578 tam
519 1515 657 1579 simile
686 1523 819 1595 quam
858 1532 1047 1578 somnum.
1103 1515 1220 1596 atqui
1265 1515 1408 1580 dormi·
1427 1505 1460 1577 81

233 1623 400 1687 entium·
417 1622 542 1686 animi
561 1623 735 1686 maxime
757 1620 973 1686 declarant
993 1621 1259 1686 divinitatem
1281 1640 1409 1700 suam;

233 1729 363 1793 multa
399 1729 514 1810 enim,
553 1747 636 1794 cum
679 1729 849 1794 remissi
887 1734 928 1792 et
965 1728 1092 1793 liberi
1129 1733 1234 1808 sunt,
1268 1726 1409 1793 futura
1441 1799 1442 1804 ἵ

231 1836 512 1918 prospiciunt.
569 1854 615 1901 ex
652 1854 728 1917 quo
765 1834 1046 1916 intellegitur,
1091 1835 1235 1917 quales
1276 1833 1419 1920 futuri
1514 1833 1529 1928 “

233 1944 332 2023 siut,
370 1962 454 2007 cum
492 1961 535 2007 se
570 1943 692 2024 plane
718 1943 925 2023 corporis
969 1942 1153 2007 vinculi-s
1199 1941 1408 2008 relaxave-

231 2050 327 2115 rint.
384 2068 525 2134 quare,
563 2050 598 2113 si
635 2050 733 2115 haec
769 2050 828 2113 ita
866 2053 980 2132 sunt,
1028 2050 1086 2114 sic
1128 2067 1186 2113 me
1219 2049 1406 2130 nolitote,
1447 2097 1448 2108 ,

228 2141 420 2242 inquit‘ut
457 2157 590 2236 deum3
629 2157 694 2222 sin
730 2175 807 2220 una
848 2161 912 2220 est
955 2155 1210 2220 interiturus
1239 2157 1406 2226 animus

231 2281 317 2328 cum
351 2282 533 2345 corpore,
570 2283 640 2328 vos
672 2263 938 2327 tamen-deos
971 2268 1179 2343 verentes,
1213 2263 1408 2345 quihanc

233 2389 388 2436 omnem
409 2370 772 2452 pulchritudinem
806 2374 977 2434 tuentur
1009 2375 1049 2434 et
1086 2374 1405 2451 reguntmemo·

231 2479 348 2550 riam
374 2477 512 2542 nostri
549 2477 616 2558 pie
660 2477 948 2558 inviolateque
992 2463 1246 2542 servabitis'.
1303 2446 1464 2572 cyrus&

233 2585 361 2666 quidem
393 2585 471 2649 haec
490 2585 648 2663 moriens3
685 2603 754 2662 noa,
782 2585 810 2648 si
829 2584 943 2665 placet,
963 2588 1074 2649 nostra
1092 2584 1268 2648 videamus.
1311 2602 1403 2648 nemo

232 2710 382 2773 umquam
403 2691 492 2770 mihi,
512 2689 630 2773 Scipio,
649 2690 857 2773 persuadebit
876 2697 932 2755 aut
950 2675 1184 2773 patrem'tuum
1203 2689 1336 2754 Paulum
1351 2696 1406 2754 aut

233 2798 312 2863 duos
345 2817 432 2878 avos,
464 2798 599 2862 Paulum
637 2803 671 2862 et
701 2796 898 2878 Africanum,
931 2802 987 2862 aut
1020 2796 1160 2862 Africani
1193 2801 1318 2878 patrem
1350 2802 1406 2861 aut

232 2909 383 2986 patruum
397 2905 458 2980 ‚aut
476 2906 594 2970 multos
613 2908 817 2986 praestantes
837 2906 934 2985 viros,
956 2924 1035 2987 quos
1056 2911 1244 2970 enumerare
1271 2923 1334 2969 non
1356 2909 1407 2969 est

231 3030 376 3092 necesse,
404 3016 495 3077 tanta
531 3010 632 3077 luisse
669 3011 850 3092 conaturos,
880 3031 961 3095 quae
989 3013 1030 3078 ad
1058 3011 1259 3092 posteritatis
1287 3030 1406 3076 memo-

231 3119 314 3184 riam
355 3121 565 3201 pertinerent,
606 3119 669 3183 nisi
715 3120 820 3184 animo
843 3123 1009 3184 'cerneret
1044 3119 1268 3200 posteritatem
1302 3117 1343 3182 ad
1371 3137 1406 3183 se

231 3226 320 3307 ipsos
357 3227 529 3307 pertinere.
585 3244 626 3290 an
662 3243 784 3306 censes,
822 3230 858 3291 ut
895 3226 934 3292 de
966 3245 1017 3290 me
1053 3223 1126 3307 ipse
1162 3224 1284 3306 aliquid
1318 3243 1406 3291 more

231 3351 344 3398 ‘senum
372 3333 500 3415 glorier,
529 3351 581 3397 me
608 3337 717 3398 tantos
743 3332 870 3398 labores
898 3333 1029 3399 diurnos
1057 3335 1293 3414 nocturnosque
1321 3332 1406 3397 domi

233 3439 432 3523 militiaeque
473 3443 697 3521 suscepturum
737 3438 849 3520 fuisse,
892 3441 920 3504 si
955 3440 1092 3506 eisdem·
1112 3438 1229 3504 finibus
1256 3440 1405 3521 gloriam

232 3565 346 3627 meam,
389 3546 504 3629 quibus
546 3548 656 3626 vitam,
698 3565 803 3612 essem
851 3547 1106 3612 terminaturus?
1147 3564 1251 3611 norme
1291 3548 1406 3611 melius

232 3654 333 3719 multo
361 3651 478 3718 fuisset
506 3655 641 3719 otiosam
670 3658 809 3718 aetatem
843 3659 876 3718 et
913 3656 1055 3735 quietam
1092 3653 1161 3718 sine
1198 3653 1262 3718 ullo
1297 3654 1406 3719 labore

233 3767 289 3825 aut
317 3763 520 3826 contentione
547 3761 740 3826 traducere?
794 3761 851 3827 sed
892 3762 1000 3826 nescio
1042 3779 1105 3843 quo
1146 3761 1240 3826 modo
1282 3762 1405 3825 animus

233 3868 361 3950 erigens
390 3886 424 3933 se
453 3868 677 3950 posteritatem
704 3869 750 3933 ita
778 3879 905 3949 semper
941 3866 1166 3950 prospiciebat,
1205 3868 1306 3949 quasi,
1327 3885 1405 3932 -cum

233 3976 427 4041 excessisset
454 3993 471 4040 e
500 3976 576 4056 rita,
604 3979 673 4040 tum
701 3975 840 4057 denique
858 3977 1001 4040 victurus
1021 3978 1117 4040 esset.
1174 3974 1259 4056 quod
1278 3974 1405 4055 quidem

232 4083 266 4146 ni
294 4085 340 4147 ita
368 4102 403 4149 se
431 4082 574 4162 haberet,
616 4087 653 4146 ut
680 4083 778 4147 animi
807 4083 992 4148 inmortales
1021 4085 1141 4162 essent,
1179 4081 1265 4147 haud
1293 4080 1405 4161 optimi

233 4190 387 4269 cuiusque
415 4191 539 4256 animus
567 4189 703 4257 maxime
738 4189 778 4255 ad
806 4189 1069 4254 inmortalitatem
1102 4192 1135 4254 et
1163 4188 1295 4270 gloriam
1323 4187 1405 4251 nite-
