823 1188
243 150 290 164 CATO
300 150 361 164 MAIOR
370 150 395 163 DE
404 150 514 164 SENECTUTE
523 150 572 163 8-13,
693 152 702 167 5

114 207 200 224 Tarentum
215 211 252 223 vero
267 212 298 228 qua
312 207 399 228 vigilantia,
414 211 446 228 quo
458 207 525 223 oonsilio
538 207 607 227 recepitl
621 211 657 223 cum
667 207 702 227 qui—
713 209 728 221 u

114 234 150 250 dein
167 238 193 250 me
210 234 285 250 audiente
300 233 392 253 Salinatori,
410 234 437 254 qui
454 234 514 250 amisso
532 234 590 254 oppido
608 233 672 254 fugerat
685 234 702 251 in

113 265 171 281 arcem,
189 260 264 281 glorianti
278 262 327 281 atque
341 261 364 277 ita
378 260 446 277 dicenti:
463 256 511 277 ‘mea
529 265 596 281 opera„
614 260 632 280 Q⁴
647 260 702 280 Fabi,

113 287 224 304 Tarentum
238 284 354 308 recepisti':
368 283 442 307 ἐει-ιε’,
457 287 510 308 inquit
524 287 583 307 ridens,
597 283 646 303 ‘nam
660 287 701 303 nisi

113 315 134 331 tu
144 314 258 334 amisisses,
268 319 374 335 numquam
384 310 523 334 recepissem?
541 318 570 330 nee
579 314 643 330 veroin
652 314 702 330 annis

113 341 221 362 praestantior
238 345 285 361 quam
303 341 320 357 in
337 342 390 363 toga3¹
401 341 428 361 qui
445 341 500 357 consul
514 341 573 357 iterum
591 340 618 361 sp.
633 340 701 357 Carvilio

113 368 173 388 collega
191 368 283 388 quiescente
299 367 317 384 C.
332 367 410 384 Flaminio
423 367 488 384 tribuno
502 367 560 388 plebis,
577 367 630 388 quoad
643 367 701 388 potuit,

112 395 174 411 restitit
190 399 246 415 agrum
260 394 342 411 Picentem
359 396 376 411 et
390 394 468 411 Gallicum
486 394 546 411 viritim
563 395 619 411 contra
636 395 702 410 senatus

112 422 224 438 auctoritatem
238 421 322 441 dividenti,
336 426 419 442 augurque
433 426 469 437 cum
483 422 532 441 esset,
546 421 599 437 dicere
613 425 662 438 ausus
676 422 702 437 est

113 448 198 468 optimis
215 448 319 468 auspiciis
336 452 359 464 ea
375 448 425 468 geri,
443 452 494 469 quae
512 452 547 468 pro
561 448 591 464 rei
605 447 701 468 publicae

113 475 182 491 salute
196 476 329 495 gererentun
344 479 394 495 quae
408 475 480 491 contra
493 470 650 495 rem'publieam
664 473 701 490 fer-

112 502 190 521 rentur,
204 503 276 518 contra
290 501 384 522 auspicia
398 501 455 518 ferri.
479 501 529 518 multa
543 501 560 517 in
574 505 592 517 eo
606 501 641 517 viro
655 505 701 521 prae·
711 503 728 516 12
756 514 758 516 .

112 528 154 545 clara
171 529 246 549 cognom
264 528 293 545 sed
310 528 351 544 nihil
367 528 484 548 admirabilius,
502 533 549 548 quam
567 532 598 548 quo
613 528 660 544 modo
674 528 701 544 ille

112 556 180 571 mortem
197 555 227 571 filii
243 555 286 575 tulit,
304 555 342 571 clari
359 555 389 571 viri
407 556 425 571 et
441 555 535 571 consularis,
558 555 614 571 estin
628 554 701 571 manibus

112 582 188 602 laudatio,
207 587 254 603 quain
272 586 307 598 cum
325 582 399 602 legimus,
419 586 467 603 quem
484 581 597 602 philosophum
614 586 646 598 nou
664 586 701 598 con-

112 609 210 625 temnimus?
223 613 253 625 nec
266 613 303 625 vero
318 609 345 625 ille
359 609 376 625 in
389 609 425 625 luce
438 608 486 625 modo
499 610 548 629 etque
557 609 574 625 in
584 608 634 625 oculis
644 608 701 625 civium

112 640 185 656 magnus,
203 636 232 652 sed
249 636 293 652 intus
310 635 385 656 domique
402 636 515 656 praestantior.
539 635 567 656 qui
584 639 642 655 sermo,
660 640 701 656 quae

112 663 202 683 praecepta,
220 664 280 683 quanta
296 662 354 679 notitia
371 662 478 683 antiquitatis,
495 662 563 684 quanta
580 662 648 678 seientia
661 662 701 678 iuris

112 689 184 709 augurii!
198 689 258 705 multae
272 689 326 709 etiam„
340 690 359 705 ut
370 689 386 705 in
396 689 460 705 homine
469 689 547 709 Romano,
560 689 633 708 litteram
647 689 701 705 omnia

112 716 189 732 memoria
207 716 273 732 tenebat
290 720 322 732 non
341 716 429 732 domestica
446 716 503 735 solum.
522 715 551 732 sed
568 716 616 732 etiam
635 716 701 732 externa

113 742 174 763 [bella]⁴
196 743 240 759 cuius
254 747 328 759 sermone
341 743 365 759 ita
378 742 436 763 cupide
449 742 519 763 fruebar,
534 742 580 763 quasi
593 742 625 758 iam
639 742 700 758 divina-

112 774 151 789 rem,
168 769 185 785 id
199 769 241 790 quod
256 769 314 789 evenit„
332 769 359 786 illo
373 770 444 786 extincto
457 769 497 789 fore,
514 769 558 785 unde
571 769 655 789 discerem,
672 773 700 785 ne-

111 796 176 812 minem.
200 800 276 817 quorsum
293 796 344 817 igitur
360 796 399 812 haec
416 797 449 812 tam
463 796 514 812 multa
527 796 547 812 de
561 796 643 812 Maximo?
663 796 700 816 quia
710 789 726 820 ᾗ

111 822 183 843 proiecto
200 823 259 840 videtis
277 822 322 839 nefas
339 827 375 839 esse
393 823 437 839 dictu
454 823 529 839 miseram
546 822 597 839 {uisse
611 823 659 839 talem
674 827 700 839 se-

111 851 197 866 nectutem.
218 854 247 866 nec
261 851 315 866 tamen
329 854 384 866 omnes
398 851 466 870 possunt
480 854 517 866 esse
531 849 614 870 Scipiones
628 851 656 866 aut
665 849 700 866 Me-

111 876 155 896 ximi,
169 878 188 893 ut
197 876 260 893 urbium
270 877 402 897 expugnationes,
416 877 435 893 ut
444 877 528 897 pedestres
538 877 622 893 navalesve
632 881 699 897 pugnas,

112 904 130 919 ut
148 903 189 919 bella
207 908 217 919 a
234 908 252 920 se
269 904 321 924 gesta,
339 904 357 919 ut
374 903 465 924 triumphos
479 903 587 920 recordentur.
611 904 637 919 est
650 903 699 919 etiam

111 930 166 950 quiete
180 931 197 946 et
210 934 250 950 pure
263 931 312 951 atque
326 930 409 950 eleganter
422 931 467 947 actae
480 930 539 946 aetatis
553 930 615 951 placida
627 934 646 946 ac
658 930 699 946 leuis

111 958 191 977 senectus,
209 956 272 977 qualem
286 957 376 978 accepimus
390 957 468 977 Platonis,
483 957 510 977 qui
524 961 556 973 uno
570 958 587 973 et
600 957 699 977 octogesimo

110 987 152 1000 anno
166 983 238 1000 scribens
252 985 277 1000 est
291 985 369 1004 mortuus,
383 984 447 1004 qualem
456 984 537 1004 Isocratis,
552 984 579 1004 qui
589 988 628 1000 eurur
635 983 698 1003 librum.

111 1011 138 1031 qui
156 1010 284 1027 Panathenaicus
304 1011 403 1031 inscribitur,
424 1012 481 1031 quarto
500 1012 517 1027 et
535 1011 638 1031 nonagesimo
657 1015 698 1027 auno

111 1037 195 1057 scripsisse
209 1042 227 1054 se
241 1037 280 1054 dicit
293 1037 365 1058 vixitque
379 1038 505 1058 quinquennium
519 1039 580 1058 postea.
606 1037 651 1053 euius
665 1042 699 1053 ma-

111 1064 162 1084 gister
175 1063 263 1081 Leontinus
277 1064 346 1085 Gorgias
364 1065 428 1081 eentum
442 1065 459 1081 et
472 1065 535 1085 septem
549 1064 635 1084 complevit
648 1068 698 1080 annos
