3296 4754
545 543 703 600 nummus
723 544 773 598 DE
791 543 961 598 AMICITIA
980 544 1094 596 22—27.
1247 599 1250 605 ,
1365 550 1404 612 41
1493 550 1494 558 ’

259 839 262 844 ,
319 767 483 834 Hactenus
510 769 591 834 mihi
617 769 729 836 videor
756 769 795 834 de
823 766 965 834 amicitia
992 767 1069 851 quid
1092 767 1244 834 sentirem
1263 767 1410 850 potuisse

231 875 354 954 dicere;
389 878 418 942 si
446 895 510 958 qua
537 880 705 957 praeterea
732 881 808 942 sunt
835 876 943 958 (credo
971 879 1078 939 nutam
1107 892 1179 940 esse
1208 875 1333 959 multa),
1370 876 1409 942 ab

230 983 289 1063 eis,
318 983 347 1048 si
374 983 546 1064 videbitur,
574 984 630 1065 qui
658 983 722 1048 ista
749 982 926 1064 disputant,
955 982 1147 1064 quaeritote.

319 1088 515 1156 FANNIUS.
562 1089 629 1156 Nos
663 1093 772 1155 autem
806 1109 824 1154 a
859 1093 892 1155 te
927 1089 1051 1171 potius;
1088 1107 1278 1171 quamquam
1312 1089 1409 1158 etiam
1428 1098 1462 1151 aa

230 1197 271 1262 ab
305 1197 378 1263 istis
413 1216 509 1280 saepe
545 1198 688 1280 quaesivi
716 1201 750 1262 et
776 1196 883 1262 audivi
910 1215 974 1263 non
1002 1196 1121 1262 invitus
1150 1196 1317 1278 equidem;
1352 1198 1410 1263 sed

230 1305 318 1369 aliud
346 1305 506 1387 quoddam
533 1303 621 1370 filum
649 1303 805 1373 orationis
833 1309 918 1370 tuae.

322 1409 552 1477 SOAEVOLA.
596 1412 676 1478 Tum
703 1411 807 1493 magis
834 1411 868 1476 id
896 1411 1029 1492 diceres,
1057 1409 1170 1490 Fanni,
1198 1411 1228 1476 si
1254 1429 1357 1492 nuper
1376 1412 1409 1475 in

232 1517 334 1584 hortis
377 1516 546 1601 Scipionis,
589 1538 659 1584 cum
702 1523 753 1585 est
789 1519 829 1586 de
866 1537 901 1583 re
937 1518 1065 1600 publica
1101 1516 1311 1599 disputatum,
1353 1518 1408 1583 ad·

231 1623 361 1691 fuisses.
410 1625 514 1708 qualis
549 1632 618 1692 tum
645 1631 799 1707 patronus
827 1625 972 1691 iust'tiae
999 1623 1063 1692 fuit
1090 1630 1201 1690 contra
1228 1629 1408 1693 accuratam

231 1732 409 1798 orationem
436 1732 536 1797 Philil

319 1837 517 1904 FANNIUS.
564 1840 671 1905 Facile
705 1840 738 1904 id
773 1841 902 1922 quidem
934 1838 1006 1920 fuit,
1044 1841 1201 1906 iustitiam
1229 1839 1407 1905 iustissimo

231 1947 299 2012 viro
328 1944 510 2011 defendere.

321 2052 551 2118 SGAEVOLA.
602 2053 707 2130 Quid?
741 2054 914 2118 amicitiam
948 2072 1052 2126 nonne
1087 2052 1179 2119 facile
1208 2053 1248 2134 ei,
1285 2053 1340 2135 qui
1367 2051 1407 2117 oh

231 2179 301 2226 eam
338 2179 462 2226 summa
498 2159 572 2240 fide,
610 2161 790 2226 constantia
822 2161 1011 2244 iustitiaque
1047 2165 1204 2226 servatam
1239 2159 1407 2225 maximam

230 2267 363 2348 gloriam
392 2268 538 2349 ceperit?
1431 2341 1449 2395 ⁸

319 2373 511 2440 LAELIUS.
553 2374 625 2438 Vim
654 2373 714 2438 hoc
742 2373 868 2456 quidem
897 2378 948 2439 cst
972 2373 1108 2439 adferre.
1152 2374 1229 2457 quid
1254 2375 1339 2439 enim
1358 2392 1407 2439 re·
1428 2415 1461 2467 25

230 2480 304 2562 sert,
341 2501 404 2564 qua
440 2500 490 2546 me
527 2481 651 2546 ratione
688 2481 832 2562 cogatis?
878 2481 992 2563 cogitis
1027 2486 1124 2565 certe.
1171 2480 1288 2546 studiis
1323 2480 1408 2546 enim

230 2607 432 2670 generorum,
467 2588 658 2670 praesertim
685 2587 718 2651 in
746 2606 781 2652 re
808 2587 901 2668 bona,
936 2606 1007 2654 cum
1035 2587 1164 2654 difficile
1193 2593 1245 2653 est
1271 2591 1339 2653 tum
1368 2605 1408 2651 ne

229 2714 367 2778 aequum
396 2696 524 2777 quidem
553 2695 721 2760 obsistere.

320 2801 514 2884 Saepissime
542 2803 642 2883 igitur
668 2801 747 2866 mihi
775 2801 815 2866 de
840 2802 981 2867 amicitia
999 2801 1154 2885 cogitanti
1172 2801 1309 2867 maxime
1327 2800 1408 2866 illud

229 2909 493 2974 considerandum
521 2909 623 2974 videri
650 2909 742 2989 solet,
775 2914 883 2974 utrum
902 2914 1035 2991 propter
1052 2909 1293 2975 inbecillitatem
1311 2913 1409 2990 atque

229 3016 370 3098 inopiam
398 3015 581 3081 desiderata
608 3016 652 3080 sit
679 3016 827 3096 amicitia,
857 3020 894 3081 ut
921 3017 1034 3082 dandis
1060 3015 1316 3098 recipiendisque
1341 3033 1408 3080 me·

229 3123 313 3203 ritis,
349 3122 434 3205 quod
469 3123 605 3204 quisque
639 3123 743 3188 minus
778 3142 836 3204 per
868 3124 1001 3205 seipse
1035 3127 1156 3205 posset,
1190 3123 1224 3188 id
1251 3123 1410 3203 acciperet

229 3230 270 3295 ah
303 3230 366 3295 alio
400 3229 604 3311 vicissimque
638 3230 790 3295 redderet
815 3249 857 3295 an
884 3235 972 3295 esset
998 3230 1059 3296 hoo
1086 3230 1214 3312 quidem
1243 3229 1407 3312 proprium

228 3337 398 3417 amicitiae,
435 3337 492 3402 sed
520 3337 682 3419 antiquior
709 3342 743 3401 ct
769 3337 930 3418 pulchrior
958 3343 992 3403 ot
1018 3339 1121 3418 magis
1149 3357 1168 3403 a
1194 3341 1311 3402 natura
1336 3337 1408 3417 ipsa

229 3442 373 3526 profecta
405 3445 468 3508 alia
502 3462 608 3510 causa.
655 3461 744 3509 amor
778 3445 873 3523 enim,
909 3463 948 3509 ex
983 3462 1045 3528 quo
1078 3444 1218 3510 amicitia
1244 3443 1409 3509 nominata

229 3554 291 3631 est,
318 3551 467 3632 princeps
495 3557 547 3616 est
573 3550 614 3615 ad
640 3549 895 3617 benevolentiam
923 3553 1186 3634 coniungendam.
1228 3570 1301 3616 nam
1320 3551 1408 3616 utili·

228 3662 314 3723 tates
349 3657 478 3739 quidem
512 3659 610 3722 etiam
643 3657 682 3722 ab
717 3657 764 3722 eis
798 3659 1019 3741 percipiuntur
1053 3678 1159 3741 saepe,
1195 3659 1250 3741 qui
1277 3658 1407 3724 simula·

228 3765 317 3830 tione
354 3764 512 3829 amicitiae
547 3764 694 3829 coluntur
728 3768 762 3828 ct
796 3764 1008 3832 observantur
1042 3766 1197 3848 temporis
1233 3783 1338 3846 causa,
1373 3765 1405 3829 in

228 3872 370 3936 amicitia
398 3876 506 3935 autem
533 3871 613 3936 nihil
640 3870 749 3935 fictum
777 3877 838 3952 est,
866 3872 947 3937 nihil
975 3873 1160 3939 simulatum
1180 3877 1223 3954 et,
1253 3871 1407 3956 quidquid

230 3982 291 4059 est,
319 3979 353 4043 id
381 3982 433 4043 est
459 3997 569 4042 verum
598 3983 632 4043 et
658 3963 882 4044 voluntarium.
925 3986 1121 4062 quapropter
1148 4001 1167 4046 a
1195 3985 1311 4045 natura
1328 3977 1407 4044 mihi
1427 3985 1460 4035 2⁷

228 4085 356 4151 videtur
384 4086 491 4167 potins
520 4103 615 4168 quam
641 4085 682 4150 ab
709 4085 888 4167 indigentia
915 4091 986 4152 orta
1013 4087 1164 4168 amicilia,
1193 4085 1406 4169 adplicatione
1547 4067 1551 4074 ¹

228 4193 331 4273 magis
367 4193 464 4257 animi
502 4210 572 4257 cum
608 4193 743 4275 quodam
779 4211 877 4259 sensu
910 4195 1038 4260 amandi
1073 4213 1167 4278 quam
1203 4194 1406 4275 cogitatione,
