3296 4754
232 445 273 550 58
617 483 655 536 Μ.
674 483 800 539 TULLII
818 481 1012 539 CICERONIS

230 721 266 770 se
305 706 440 787 quisque
478 705 594 788 diligit,
635 725 699 773 non
735 712 772 773 ut
813 706 952 790 aliquam
989 725 1009 770 a
1047 725 1083 774 se
1119 706 1191 788 ipse
1212 704 1407 772 ¹mercedem

231 810 339 894 erigat
373 813 517 878 caritatis
553 831 640 894 suae,
676 813 734 880 sed
772 814 857 896 quod
890 830 949 896 per
983 825 1026 881 se
1053 813 1116 878 sibi
1151 811 1287 894 quisque
1315 829 1408 878 carus

231 922 291 984 est.
335 920 510 1001 quodnisi
538 919 621 986 idem
651 920 685 986 in
712 921 887 987 amicitiam
913 918 1137 999 transferetur,
1154 915 1261 988 'verus
1286 919 1407 986 amicus

231 1044 404 1108 numquam
437 1028 634 1108 reperietur3
669 1032 721 1092 est
756 1029 840 1093 enim
875 1029 915 1111 is,
952 1027 1006 1110 qui
1042 1031 1094 1093 est
1127 1031 1291 1108 tamquam
1325 1026 1410 1091 alter

176 1140 210 1193 81
231 1133 327 1198 idem.
374 1133 488 1215 quodsi
522 1134 584 1218 boc
616 1128 751 1217 adparet
785 1136 819 1201 iu
853 1134 977 1215 bestiis,
1015 1133 1207 1214 volucribus,
1246 1133 1407 1212 nantibus,

231 1239 424 1320 agrestibus,
449 1224 629 1321 cicuribus,
663 1239 752 1322 feris,
781 1243 920 1323 primum
948 1245 984 1307 ut
1012 1259 1047 1309 se
1077 1243 1169 1322 ipsae
1197 1239 1334 1322 diligant
1361 1239 1409 1322 (id

232 1347 317 1412 enim
345 1347 467 1428 pariter
494 1365 564 1413 cum
592 1349 678 1414 omni
706 1349 868 1414 animante
897 1348 1065 1431 nascitur),
1094 1347 1210 1414 deiude
1237 1353 1274 1412 ut
1301 1347 1408 1429 requi-

231 1456 305 1518 rant
339 1458 436 1536 atque
470 1453 634 1537 adpetant,
670 1455 712 1520 ad
746 1473 826 1538 quas
855 1473 890 1522 se
918 1455 1081 1536 adplicent
1107 1453 1251 1520 eiusdem
1279 1454 1408 1536 generis

231 1560 414 1641 animantis,
441 1561 539 1644 idque
566 1560 687 1627 faciunt
714 1580 786 1627 cum
814 1562 974 1629 desiderio
998 1567 1121 1628 etcum
1141 1560 1409 1643 quadamsimili-

231 1667 343 1733 tudine
370 1668 489 1734 amoris
516 1668 657 1749 humani,
687 1675 806 1752 quanto
834 1670 868 1736 id
895 1669 998 1751 magis
1022 1669 1055 1733 in
1073 1667 1203 1733 homine
1221 1666 1259 1734 fit
1276 1669 1408 1734 natural

233 1773 288 1855 qui
315 1778 349 1839 et
376 1792 411 1842 se
438 1776 509 1857 ipse
537 1775 646 1858 diligit
673 1777 869 1842 stulterum
898 1776 1050 1859 anquirit,
1079 1775 1168 1840 cuius
1196 1776 1337 1840 animum
1362 1776 1409 1841 ita

232 1899 304 1945 cnm
329 1899 388 1946 suo
413 1882 557 1963 misceat,
584 1889 621 1948 ut
646 1880 765 1948 efficiat
790 1902 891 1966 paene
916 1899 1015 1948 unum
1041 1901 1080 1947 ex
1105 1881 1239 1948 duobus.

172 1957 213 2084 ἐξ
322 1987 386 2052 Sed
425 1990 571 2071 plerique
612 2008 773 2072 perverse,
815 2010 855 2056 ne
896 1991 999 2058 dicam
1039 1988 1243 2071 inpudenter,
1289 1988 1409 2054 babere

230 2095 328 2160 talem
355 2096 492 2161 amicum
518 2097 639 2178 volunt,
668 2099 779 2179 quales
806 2097 870 2180 ipsi
897 2115 970 2164 esse
997 2114 1061 2161 nou
1088 2101 1235 2177 possunt,
1265 2113 1409 2178 quaeque

231 2200 295 2282 ipsi
329 2219 392 2267 non
427 2202 574 2274 tribuunt
608 2205 729 2285 amicis,
764 2205 844 2270 haec
877 2204 918 2270 ab
953 2204 1000 2269 cis
1029 2203 1224 2268 desiderant.
1271 2219 1332 2284 par
1359 2206 1410 2268 est

232 2312 338 2374 autem
364 2310 502 2390 primum
527 2311 634 2393 ipsum
658 2329 731 2377 esse
749 2312 851 2376 virum
871 2311 999 2390 bonum,
1027 2315 1096 2374 tum
1114 2311 1252 2378 alterum
1271 2309 1409 2376 similem

232 2417 283 2480 sui
309 2434 474 2498 quaerere.
519 2417 553 2483 in
579 2418 699 2484 talibus
719 2437 767 2498 ea,
794 2438 890 2501 quam
908 2419 972 2484 iam
991 2416 1110 2484 dudum
1129 2421 1315 2498 tractamus,
1342 2423 1409 2484 sta-

231 2521 340 2588 bilitas
368 2524 529 2591 amicitiae
556 2523 738 2590 confirmari
764 2531 883 2607 potest,
913 2544 984 2592 cum
1012 2524 1158 2590 homines
1187 2525 1410 2591 benevolentia

231 2631 391 2695 coniuncti
416 2631 554 2712 primum
580 2631 811 2714 cupiditatibus
831 2633 889 2714 eis,
914 2632 1029 2716 quibus
1049 2631 1149 2696 ceteri
1168 2633 1323 2713 serviunt,
1349 2631 1409 2697 im-

231 2736 400 2818 perabunt,
438 2738 552 2804 deinde
589 2741 753 2821 aequitate
790 2740 980 2822 iustitiaque
1016 2738 1201 2820 gaudebunt
1238 2741 1410 2820 omniaque
1471 2747 1473 2756 ’

231 2843 313 2909 alter
338 2863 396 2926 pro
421 2845 523 2911 altero
549 2847 705 2929 suscipiet
729 2865 833 2930 neque
860 2846 1032 2929 quidquam
1058 2864 1210 2927 umquam
1228 2847 1292 2912 nisi
1311 2846 1409 2912 hone-

232 2955 317 3015 stum
344 2957 378 3017 et
401 2958 524 3018 rectum
548 2954 632 3018 alter
656 2953 696 3019 ab
722 2954 823 3019 altero
849 2951 1027 3036 postulabit
1050 2970 1155 3034 neque
1181 2953 1285 3047 solum
1304 2952 1411 3018 colent

231 3057 318 3123 inter
349 3077 384 3124 se
416 3077 454 3124 ac
484 3059 629 3142 diligent,
663 3061 721 3127 sed
753 3063 851 3126 etiam
877 3060 1084 3127 verebuntur.
1130 3079 1204 3124 nam
1236 3060 1409 3125 maximum

232 3169 454 3231 ornamentum
486 3168 645 3233 amicitiae
678 3168 775 3247 tollit,
813 3170 869 3250 qui
901 3187 939 3232 ex
977 3184 1015 3231 ea
1052 3167 1138 3232 tollit
1174 3167 1409 3232 verecundiam.

178 3277 213 3330 83
232 3272 342 3353 itaque
369 3273 403 3337 in
431 3273 478 3338 eis
506 3275 705 3355 perniciosus
734 3279 785 3340 est
811 3293 912 3355 error,
942 3274 996 3356 qui
1024 3274 1212 3339 existimant
1239 3273 1410 3339 libidinum

233 3383 497 3462 peccatorumque
526 3382 666 3446 omnium
691 3387 802 3463 patere
827 3384 861 3448 in
884 3381 1027 3447 amicitia
1044 3381 1216 3446 licentiam.
1254 3381 1411 3447 virtutum

232 3485 373 3550 amicitia
400 3486 540 3552 adiutrix
568 3508 588 3552 a
615 3493 730 3555 natura
757 3490 833 3556 data
861 3495 922 3570 est,
951 3505 1014 3552 non
1039 3487 1192 3553 uitiorum
1218 3506 1334 3568 comes,
1362 3494 1409 3568 ut,

233 3592 382 3673 quoniam
409 3594 553 3659 solitaria
578 3614 641 3661 non
667 3602 779 3677 posset
804 3597 905 3662 uirtus
931 3594 984 3660 ad‘
998 3613 1045 3674 ca,
1073 3613 1155 3676 quae
1180 3614 1306 3661 summa
1324 3600 1410 3674 sunt,

232 3701 409 3780 peruenire,
437 3702 604 3767 coniuncta
630 3707 663 3768 et
690 3704 871 3768 consociata
890 3722 961 3768 cum
979 3702 1082 3766 altera
1101 3703 1293 3782 perveniret.
1329 3719 1411 3784 quae

234 3806 262 3870 si
290 3824 369 3887 quos
397 3809 482 3873 inter
509 3810 647 3875 societas
673 3815 730 3874 aut
756 3814 807 3876 est
833 3815 891 3875 aut
918 3809 980 3875 fuit
1007 3811 1064 3872 aut
1081 3806 1190 3876 futura
1209 3815 1271 3894 ost,
1299 3827 1409 3875 eorum

233 3916 284 3977 est
315 3913 480 3980 habendus
513 3917 553 3981 ad
586 3935 744 3981 summum
777 3923 912 3982 naturae
943 3917 1061 3981 bonum
1090 3917 1231 3998 optimus
1260 3916 1411 3982 beatissi-

179 4022 214 4072 84
233 4037 367 4101 musque
392 4022 573 4089 comitatus.
621 4024 700 4088 haec
725 4031 785 4104 est,
813 4026 953 4106 inquam,
983 4022 1131 4103 societas,
1159 4025 1192 4089 in
1218 4024 1413 4106 quaomnia

233 4127 353 4208 insunt,
380 4147 461 4210 quae
480 4134 595 4211 putant
620 4131 766 4196 homines
786 4132 975 4214 expetenda,
1002 4129 1165 4211 honestas,
1191 4131 1303 4213 gloria,
1322 4135 1411 4196 tran-
