3296 4754
547 587 705 644 anxurus
725 589 775 642 nu
793 589 962 645 auroram
982 591 1096 646 aa-aa
1366 599 1407 656 45

233 813 347 880 habuit
373 815 503 895 amicos,
536 813 622 880 ferre
650 821 760 881 contra
787 817 923 898 patriam
951 835 1039 880 arma
1066 816 1114 881 illi
1142 835 1213 882 oum
1242 814 1409 882 coriolano

233 921 435 987 debuerunt?
474 941 550 986 num
578 923 776 988 Vecellinum
803 925 1057 1006 amici-regnum
1085 924 1301 1005 adpetentem,
1333 941 1410 985 num

233 1029 385 1094 Maehum
413 1029 592 1095 debuerunt
620 1031 752 1095 iuvare?
793 1029 863 1095 Tib.
893 1031 1021 1114 quidem
1050 1029 1226 1096 Gracchum
1255 1048 1322 1095 rem
1351 1048 1410 1110 pu·
1430 1043 1464 1093 37

233 1136 348 1200 blicam
382 1142 550 1201 vexantem
585 1156 604 1202 a
638 1136 675 1214 Q.
706 1136 874 1222 Tuberone
901 1137 1153 1220 aequalibusque
1180 1138 1291 1202 amicis
1319 1137 1411 1203 dere-

233 1243 344 1308 lictum
371 1243 569 1309 videbamus.
613 1249 647 1308 at
675 1242 709 1308 O.
737 1243 883 1310 Blossius
913 1243 1083 1324 Cumanus,
1118 1244 1237 1326 hospes
1271 1242 1411 1309 famihae

233 1356 372 1430 vestrae,
401 1348 561 1430 Scaevola,
598 1369 668 1415 cum
696 1351 737 1415 ad
765 1371 834 1431 me,
856 1352 941 1435 quod
968 1353 1096 1417 aderam
1124 1351 1259 1416 Laenati
1287 1355 1320 1415 et
1346 1350 1411 1414 Ru-

234 1457 312 1539 pilio
350 1457 534 1522 consulibus
568 1457 602 1522 in
636 1458 779 1538 consilio,
818 1459 1022 1540 deprecatum
1057 1461 1210 1540 venisset,
1246 1458 1338 1538 hanc,
1376 1462 1413 1521 ut

235 1564 297 1629 sibi
324 1565 533 1646 ignoscerem,
562 1582 690 1630 causam
717 1563 892 1644 adferebat,
921 1567 1006 1647 quod
1033 1565 1116 1630 tanti
1144 1565 1213 1630 Tib.
1234 1564 1412 1630 Gracchum

233 1668 374 1752 fecisset,
403 1676 450 1752 ut,
480 1671 635 1753 quidquid
663 1673 717 1736 ille
745 1673 852 1752 vellet,
882 1672 943 1737 sibi
963 1655 1142 1738 faciendum
1159 1677 1300 1754 putaret,
1343 1677 1412 1736 tum

235 1795 311 1860 ego:
340 1761 544 1859 ‘etiamne
574 1779 610 1843 si
637 1784 677 1843 te
705 1781 745 1842 in
774 1777 1027 1861 Capitolium
1055 1779 1167 1846 faces
1195 1778 1306 1845 ferre
1333 1778 1413 1843 vel-

171 1936 175 1940 .
234 1873 327 1951 leti’
361 1869 608 1967 ‘numquam’,
643 1886 759 1967 inquit,
795 1872 1018 1952 ‘voluisset
1051 1887 1305 1968 mquidem
1343 1884 1413 1950 sed

236 1994 270 2058 si
297 1991 516 2072 voluisset,
545 1979 802 2074 paruissem'
842 1993 970 2074 videtis,
1000 2013 1094 2075 quarn
1121 1992 1244 2058 nefaria
1266 1993 1343 2058 vox!
1381 1997 1415 2056 et

236 2100 365 2165 hercule
393 2100 440 2163 ita
467 2099 543 2164 fecit
569 2100 620 2165 vel
647 2100 720 2181 plus
749 2101 846 2165 etiam
875 2119 969 2181 quam
995 2101 1093 2179 dixit,
1107 2187 1108 2191 Ἰ
1122 2119 1185 2164 non
1204 2100 1289 2164 enim
1308 2100 1415 2180 paruit

235 2207 289 2271 ille
318 2206 366 2271 Ti.
389 2205 525 2271 Gracchi
552 2208 739 2284 temeritati,
768 2207 826 2272 sed
852 2204 1001 2288 praefuit,
1030 2225 1088 2272 nec
1107 2224 1142 2272 se
1161 2207 1309 2273 comitem
1328 2206 1414 2271 illius

235 2311 364 2393 furoris,
400 2313 457 2378 sed
492 2313 601 2378 ducem
632 2313 789 2395 praebuit.
836 2315 946 2396 itaque
973 2315 1032 2379 hac
1059 2315 1198 2378 amentia
1226 2315 1414 2396 quaestione

236 2439 317 2486 nova
351 2421 544 2501 perterritus
579 2422 613 2485 in
640 2421 750 2486 Asiam
785 2420 938 2502 profugit,
974 2422 1014 2486 ad
1049 2421 1160 2486 hostes
1197 2439 1232 2486 se
1267 2420 1412 2499 contulit,

235 2546 355 2608 poenas
397 2529 445 2592 rei
481 2528 627 2609 publicae
664 2546 777 2609 graves
815 2529 981 2610 iustasque
1023 2528 1188 2609 persolvit.
1235 2527 1323 2592 nulla
1363 2532 1414 2592 est

235 2635 335 2716 igitur
363 2636 526 2700 excusatio
554 2635 686 2717 peccati,
716 2636 750 2700 six
771 2635 865 2700 amici
893 2654 989 2700 causa
1016 2639 1214 2718 peccaveris;
1244 2654 1316 2698 nam
1343 2652 1413 2698 curn

235 2743 432 2806 conciliatrix
460 2742 618 2808 amicitiae
646 2743 776 2807 virtutis
804 2745 911 2823 opinio
937 2740 1045 2821 fuerit,
1074 2741 1203 2807 difficile
1229 2747 1280 2806 est
1305 2741 1413 2805 amici-

235 2849 313 2912 tiam
341 2867 481 2928 mancre,
510 2851 538 2913 si
566 2869 585 2913 a
612 2850 733 2914 virtute
761 2847 926 2914 defeceris.
970 2850 1083 2930 quodsi
1111 2854 1234 2914 rectum
1262 2849 1412 2913 statueri-
1432 2862 1467 2913 ae

235 2973 307 3019 mus
342 2955 394 3019 vel
422 2956 595 3020 concedere
622 2957 743 3048 amicis,
779 2957 934 3038 quidquid
961 2957 1070 3036 velint,
1105 2957 1156 3022 uel
1183 2957 1346 3037 inpetrare
1374 2956 1413 3018 ab

235 3062 293 3140 eis,
330 3062 487 3144 quidquid
520 3061 665 3142 velimus,
704 3062 846 3144 perfecta
882 3063 1009 3145 quidem
1045 3064 1203 3144 sapientia
1238 3063 1266 3126 si
1301 3063 1411 3142 simus,

234 3169 314 3232 nihil
343 3169 461 3234 habeat
487 3187 540 3234 res
568 3169 656 3248 vitii3
690 3170 747 3233 sed
775 3170 935 3251 loquimur
963 3170 1002 3234 de
1030 3172 1078 3234 eis
1106 3170 1227 3250 amicis,
1257 3170 1310 3250 qui
1338 3176 1413 3234 ante

235 3276 343 3341 oculos
372 3281 458 3358 sunt,
488 3295 567 3368 quos
597 3276 740 3341 videmus
769 3281 825 3340 aut
850 3277 890 3341 de
916 3277 1032 3358 quibus
1051 3277 1204 3342 memoria
1222 3277 1412 3358 accepimus,

237 3400 316 3463 quos
351 3385 440 3449 novit
473 3384 541 3448 vita
575 3384 761 3449 communis
809 3402 847 3448 ex
881 3384 941 3448 boc
974 3402 1108 3449 numero
1144 3385 1235 3449 nobis
1269 3385 1414 3466 exempla

236 3490 390 3554 sumenda
425 3497 501 3555 sunt
533 3496 566 3555 ct
594 3509 703 3556 eorum
732 3491 861 3571 quidem
888 3492 1035 3570 maxima,
1071 3491 1126 3573 qui
1154 3491 1194 3555 ad
1223 3491 1413 3572 sapientiam

235 3597 378 3678 proxime
412 3599 575 3663 accedunt.
622 3597 767 3663 videmus
803 3598 924 3679 Papum
951 3597 1123 3663 Aemilium
1150 3598 1287 3663 Luscino
1322 3596 1413 3662 fami·
1432 3611 1467 3660 39

234 3704 346 3770 liorem
380 3702 481 3769 fuisse
517 3707 577 3787 (sic
611 3725 630 3769 a
664 3705 810 3787 patribus
844 3703 1048 3792 accepimns),
1083 3705 1133 3769 his
1165 3725 1228 3770 una
1256 3706 1412 3784 consules,

235 3811 374 3896 collegas
402 3811 436 3875 in
464 3830 614 3890 censura;
650 3819 718 3876 lum
747 3819 781 3877 et
808 3831 879 3877 cnm
908 3812 955 3876 eis
984 3817 1017 3876 et
1045 3815 1129 3876 inter
1157 3830 1192 3876 se
1221 3812 1412 3877 coniunctis-

235 3917 333 3984 simos
362 3917 463 3988 luisse
491 3917 543 3983 Μ’.
564 3917 706 3999 Curium,
735 3919 782 3983 Ti.
803 3917 1035 3984 Coruncanium
1060 3920 1232 3984 memoriae
1252 3918 1412 4001 proditum

235 4031 295 4090 est.
342 4027 509 4108 igiturne
538 4027 695 4107 suspicari
724 4027 852 4107 quidem
880 4044 1051 4107 possumus
1080 4045 1271 4109 quemquam
1299 4027 1411 4090 horum

234 4132 274 4196 ab
309 4134 410 4199 amico
446 4134 609 4215 quippiam
644 4133 857 4213 contendisse,
896 4135 980 4214 quod
1014 4140 1125 4198 contra
1159 4133 1265 4214 fidem,
1301 4136 1412 4197 contra

234 4240 286 4304 ius
314 4240 494 4321 iurandum,
530 4244 640 4305 contra
667 4259 735 4305 rem
764 4240 922 4321 publicam
951 4246 1047 4306 esset.
1094 4261 1167 4306 nam
1194 4241 1255 4306 hoc
1282 4239 1409 4322 quidem
