3296 4754
241 558 279 616 16
630 554 668 608 Μ.
689 553 813 612 TULLII
833 551 1026 608 CICERONIS

239 775 455 858 profiteretur,
489 795 625 860 eumque
653 777 760 844 dicere
787 779 903 858 omnia,
933 797 1014 860 quae
1039 776 1229 858 laceremus,
1257 778 1298 842 ad
1324 779 1414 844 rolu-

238 887 360 965 ptatem
396 902 468 949 esse
501 883 679 952 referenda.
727 886 811 967 quod
847 905 886 950 ex
920 903 958 951 eo
993 885 1159 951 audientes
1194 883 1247 949 M’.
1283 882 1413 950 Curium

239 995 272 1054 et
293 990 347 1054 Ti.
378 989 611 1056 Coruncanium
639 997 750 1074 optare
779 993 902 1072 solitos,
936 996 973 1057 ut
999 992 1032 1056 id
1060 991 1259 1058 Samnitibus
1287 992 1414 1074 ipsique

238 1096 361 1180 Pyrrho
402 1099 660 1180 persuaderetur,
697 1118 766 1181 quo
803 1098 929 1164 facilius
966 1100 1048 1164 uinci
1085 1103 1228 1180 possent,
1270 1117 1341 1164 cum
1378 1117 1413 1163 se

122 1233 124 1243 .
237 1205 456 1286 voluptatibus
494 1205 670 1271 dedissent.
718 1207 843 1272 vixerat
878 1205 931 1271 M'.
971 1205 1085 1272 Curius
1122 1223 1193 1272 cum
1230 1205 1265 1270 P.
1302 1205 1412 1288 Decio,

239 1311 293 1394 qui
322 1312 540 1394 quinquennio
568 1317 642 1378 ante
671 1332 743 1378 eum
771 1313 933 1379 consulem
962 1331 997 1378 se
1023 1331 1081 1395 pro
1100 1333 1135 1378 re
1155 1313 1281 1394 publica
1300 1316 1412 1394 quarto

239 1419 406 1485 consulatu
433 1419 621 1486 devoverat:
650 1424 743 1486 norat
771 1421 906 1486 eundem
934 1420 1110 1500 Fabricius,
1139 1424 1232 1485 norat
1255 1417 1413 1484 Corunca-

238 1527 329 1605 nius;
365 1527 419 1608 qui
454 1545 524 1592 oum
560 1545 599 1592 ex
626 1528 874 1592 suavitatum
903 1546 941 1592 ex
969 1529 1049 1606 eius,
1085 1545 1179 1609 quem
1208 1527 1288 1607 dico,
1323 1526 1414 1590 Decii

24 1631 25 1636 ’
238 1631 322 1698 facto
350 1632 534 1698 iudicabant
562 1652 634 1700 esse
661 1633 804 1715 profecto
832 1635 954 1716 aliquid
981 1640 1096 1700 natura
1123 1633 1290 1715 pulchrum
1316 1638 1428 1715 atque.

144 1725 148 1731 ¹
239 1740 446 1821 praeclarum,
484 1739 569 1822 quod
606 1759 664 1806 sua
698 1745 813 1823 sponte
848 1744 1013 1824 peteretur
1049 1741 1197 1823 quodque
1235 1745 1345 1822 spreta
1380 1744 1413 1803 et

185 1859 220 1910 44
238 1848 420 1929 contempta
460 1848 626 1930 voluptate
667 1848 808 1930 optimus
851 1850 987 1930 quisque
1029 1851 1228 1930 sequeretur.
1276 1864 1412 1929 quorsus

237 1953 337 2035 igitur
371 1957 436 2018 tam
470 1955 572 2020 multa
604 1954 643 2019 de
670 1955 857 2036 uoluptate?
904 1955 1069 2037 quianon
1096 1955 1191 2020 modo
1218 1955 1412 2036 vituperatio

237 2060 334 2140 nulla,
370 2061 427 2126 sed
462 2063 559 2126 etiam
595 2079 719 2128 summa
745 2063 815 2128 laus
844 2061 1021 2127 senectutis
1049 2067 1109 2142 est,
1145 2061 1229 2143 quod
1258 2080 1296 2125 ea
1322 2060 1412 2125 volu·

237 2171 344 2249 ptates
376 2168 479 2234 nullas
508 2188 700 2250 magnopere
728 2169 900 2235 desiderat.
947 2173 1035 2234 caret
1062 2168 1166 2249 epulis
1194 2167 1412 2249 extractisque

178 2331 180 2337 .
237 2275 358 2340 mensis
393 2278 426 2340 et
459 2273 681 2357 frequentibus
717 2277 850 2357 poculis,
886 2283 973 2342 caret
1007 2294 1083 2358 ergo
1112 2277 1208 2340 etiam
1236 2274 1413 2339 vinulentia

238 2387 271 2446 et
304 2379 463 2448 cruditate
497 2389 530 2447 et
564 2365 742 2449 insomniis.
789 2384 846 2448 sed
874 2385 903 2448 si
930 2383 1051 2465 aliquid
1079 2383 1218 2447 dandum
1247 2386 1297 2447 est
1323 2381 1412 2446 uolu-

237 2491 331 2570 ptati,
367 2489 516 2571 quoniam
552 2491 620 2555 eius
654 2490 820 2556 blanditiis
857 2509 921 2555 non
954 2488 1047 2554 facile
1075 2490 1263 2555 obsistimus
1291 2487 1411 2570 (divine

237 2597 322 2661 enim
359 2595 450 2661 Plato
484 2581 628 2662 ‘escam
663 2585 871 2662 malorum’
906 2598 1048 2679 appellat
1081 2597 1289 2677 voluptatem,
1328 2594 1412 2677 quod

237 2722 276 2768 44
302 2703 452 2769 videlieet
479 2703 625 2769 homines
654 2705 821 2787 capiantur
846 2710 882 2768 ut
901 2705 1031 2786 pisces),
1060 2721 1251 2785 quamquam
1270 2701 1413 2766 inmode-
1498 2695 1501 2702 '

238 2811 317 2876 ratis
346 2811 449 2893 epulis
478 2817 565 2875 caret
594 2815 753 2892 senectus,
782 2811 915 2886 modieis
944 2818 1052 2875 tamen
1079 2810 1232 2874 conviviis
1261 2809 1418 2904 delectari¹

238 2921 357 3000 potest.
404 2915 437 2982 C.
458 2918 630 2998 Duellium,
658 2918 758 2984 Marci
786 2917 896 2997 filium,
926 2920 980 3000 qui
1008 2918 1132 2983 Poenos
1161 2917 1263 2982 classe
1291 2916 1412 2998 primus

239 3025 409 3103 devicerat,
451 3025 638 3090 redeuntem
675 3045 695 3092 a
731 3044 808 3090 cena
849 3044 958 3090 senem
1001 3043 1096 3106 saepe
1132 3024 1279 3088 videbam
1316 3041 1412 3103 puer;

238 3131 456 3198 delectabatur
474 3150 565 3198 cereo
580 3132 678 3198 funali
697 3136 731 3197 et
748 3132 889 3213 tibicine,
909 3151 991 3214 quae
1011 3133 1073 3197 sibi
1087 3132 1173 3196 nullo
1188 3129 1333 3210 exemplo
1347 3129 1412 3210 pri·

186 3251 220 3304 44
238 3243 331 3303 vatus
369 3245 567 3321 sumpserat;
605 3243 729 3318 tantum
763 3240 911 3304 licentiae
948 3240 1045 3304 dabat
1082 3239 1193 3320 gloria.
1241 3237 1298 3301 sed
1336 3235 1412 3317 quid

239 3362 298 3425 ego
326 3345 430 3411 alios?
470 3346 511 3411 ad
538 3365 589 3411 me
616 3347 722 3428 ipsum
749 3348 813 3411 iam
841 3351 992 3411 revertar.
1038 3346 1176 3427 primum
1204 3344 1302 3408 habui
1330 3361 1412 3407 sem·

238 3470 297 3532 per
325 3452 460 3518 sodales.
503 3454 691 3518 sodalitates
719 3459 826 3518 autem
855 3471 905 3517 me
934 3458 1104 3534 quaestore
1123 3452 1317 3516 constitutae
1337 3454 1413 3514 sunt

240 3559 338 3623 saeris
372 3559 477 3626 Idaeis
512 3560 648 3642 Magnae
675 3560 790 3624 Matris
824 3561 975 3641 acceptia.
1022 3558 1174 3640 epulabar
1207 3559 1308 3639 igitur
1342 3573 1412 3620 cum

239 3664 401 3730 sodalibus
430 3668 557 3733 omnino
587 3668 719 3746 modice,
749 3667 807 3733 sed
835 3672 905 3732 erat
923 3667 1053 3748 quidam
1071 3657 1177 3730 fervor
1195 3665 1322 3743 aetatis,
1351 3681 1414 3744 qua

240 3773 466 3853 progrediente
495 3776 602 3840 omnia
629 3773 710 3838 fiunt
737 3776 770 3838 in
798 3774 868 3839 dies
895 3774 1034 3838 mitiora.
1081 3790 1184 3854 neque
1213 3774 1297 3836 enim
1326 3771 1412 3851 ipso-

239 3896 309 3942 rum
344 3880 557 3947 conviviorum
595 3882 839 3947 delectationem
876 3881 1095 3962 voluptatibus
1132 3879 1275 3960 corporis
1311 3877 1413 3957 magis

240 4004 334 4067 quam
369 3992 462 4052 coetu
496 3971 669 4054 amicorum
705 3995 738 4054 et
773 3987 972 4053 sermonibus
1007 3987 1174 4052 metiebar.
1221 3986 1302 4049 bene
1330 3983 1413 4048 enim

241 4092 377 4158 maiores
412 4094 641 4160 accubitionem
679 4097 841 4178 epularem
876 4095 1066 4176 amicorum,
1111 4094 1186 4174 quia
1219 4093 1305 4156 uitae
1341 4108 1413 4155 con-

240 4200 435 4267 iunctionem
463 4201 606 4282 haber-et,
636 4204 866 4269 convivium
895 4204 1149 4280 nominaverunt,
1177 4199 1293 4264 melius
1321 4215 1414 4279 quam
