3296 4754
561 1173 610 1252 M.
629 1173 803 1254 xTULLII
834 1173 1076 1260 CICERONIS

327 1348 665 1444 aaronitas
696 1347 767 1442 ΒΕ
801 1348 1115 1444 sannorum
1147 1349 1321 1444 LIBER.

276 1607 303 1672 Ο
340 1607 443 1688 Tite,
482 1607 517 1672 si
555 1606 651 1688 quid
688 1626 759 1690 ego
796 1607 967 1673 adiuero
1005 1627 1192 1674 curamve
1229 1585 1442 1708 levasso}

276 1733 377 1795 quae
412 1733 516 1779 nunc
549 1719 589 1778 te
624 1715 768 1796 coquit
802 1719 843 1779 et
876 1715 1085 1779 versatio
1113 1719 1282 1796 pectore
1311 1714 1404 1795 fixa,
1506 1737 1518 1758 =·
1629 1795 1631 1800 ι

218 1908 222 1920 Ι
277 1821 423 1904 ecquid
452 1823 534 1886 erit
561 1822 739 1902 praemi?
1636 1879 1637 1920 3

229 1929 305 1994 licet
342 1930 426 1993 enim
463 1928 543 1992 mihi
576 1929 723 1994 versibus
759 1929 881 1994 eisdem
915 1925 1019 1993 adfari
1050 1932 1096 2009 te,
1134 1928 1251 2009 Attice,
1289 1928 1427 2014 quibus,

94 2108 102 2124 ὅ
230 2034 358 2100 adfatur
385 2035 598 2100 Flamininum

275 2143 349 2207 ille
383 2143 585 2212 virhaud
619 2161 761 2224 magna
795 2159 880 2207 cum
915 2163 967 2223 re,
1004 2143 1075 2210 sed
1103 2143 1255 2223 plenus
1284 2141 1405 2221 fidei3

231 2268 423 2334 quamquam
451 2254 539 2314 certo
568 2251 632 2314 scio
662 2268 735 2329 non,
763 2254 801 2314 ut
827 2249 1051 2332 Flamininum,

276 2356 507 2422 sollicitari
534 2361 584 2436 te,
620 2356 723 2436 Tite,
760 2357 819 2421 sic
846 2363 1074 2439 noctesque
1102 2357 1285 2438 diesque.

229 2464 303 2528 novi
338 2465 423 2528 eninr
450 2463 702 2528 moderationem
736 2463 834 2527 animi
865 2464 915 2528 tui
940 2468 973 2529 et
998 2463 1193 2546 aequitatem
1219 2468 1316 2545 teque
1343 2481 1406 2528 non

229 2587 404 2650 cognomen
429 2571 532 2635 solum
551 2569 687 2635 Athenis
707 2569 904 2650 deportasse,
934 2570 991 2636 sed
1015 2570 1246 2635 humanitatem
1273 2575 1306 2634 et
1330 2588 1405 2652 pru-

229 2676 370 2742 dentiam
397 2677 561 2758 intellego.
608 2679 642 2741 et
669 2681 836 2741 tamenta
864 2679 1010 2759 suspicor
1034 2677 1155 2742 eisdem
1173 2677 1271 2742 rebus
1291 2678 1406 2758 quibus

230 2803 280 2848 me
308 2785 414 2866 ipsum
442 2785 602 2849 interdum
621 2785 758 2865 ¹grauius
783 2784 984 2864 commoveri,
1013 2803 1146 2867 quarum
1173 2784 1347 2848 consolatio
1374 2788 1408 2856 et

230 2892 331 2956 maior
357 2896 408 2955 est
431 2894 464 2954 et
482 2891 515 2954 in
533 2891 620 2956 aliud
639 2895 766 2972 tempus
786 2888 969 2957 differenda.
1007 2909 1090 2967 nunc
1108 2894 1215 2955 autem
1233 2891 1337 2956 visum
1357 2893 1407 2955 est
1451 2890 1456 2896 ’

230 2997 309 3062 mihi
335 2997 375 3062 de
401 3001 566 3061 senectute
591 2996 713 3079 aliquid
738 2997 778 3062 ad
803 3002 836 3062 te
863 2998 1072 3063 conscribere.
1115 2997 1175 3062 hoc
1194 3000 1279 3062 enim
1298 3015 1405 3077 onere,
1426 3009 1458 3058 2¹

231 3105 315 3186 quod
350 3104 429 3168 mihi
464 3122 629 3169 commune
660 3109 766 3168 tecum
794 3109 854 3184 est,
889 3109 945 3172 aut
972 3106 1035 3170 iam
1063 3105 1209 3185 urgentis
1237 3109 1294 3168 aut
1321 3109 1407 3169 certe

231 3212 432 3278 adventantis
466 3212 641 3276 senectutis
670 3216 704 3275 et
730 3215 764 3276 te
793 3215 826 3276 et
852 3229 904 3276 me
932 3212 1029 3276 etiam
1057 3213 1164 3293 ipsum
1191 3212 1290 3277 levari
1318 3212 1406 3290 volo;

231 3320 294 3384 etsi
327 3323 360 3384 te
395 3319 524 3400 quidem
552 3318 586 3382 id
613 3319 736 3382 modice
764 3336 801 3382 ac
814 3318 992 3400 'sapienter
1019 3319 1102 3384 sicut
1130 3319 1236 3384 omnia
1264 3324 1297 3383 et
1323 3317 1407 3384 ferre

231 3430 265 3490 et
300 3425 440 3490 laturum
456 3442 460 3449 ’
475 3412 547 3492 esse
584 3428 671 3490 certo
709 3425 785 3490 scio.
833 3426 890 3491 sed
926 3426 1015 3504 mihi,
1059 3444 1128 3491 cum
1167 3426 1206 3491 de
1244 3429 1408 3491 senectute

231 3532 346 3596 vellem
374 3532 495 3614 aliquid
523 3532 673 3610 scribere,
702 3537 737 3597 tu
766 3532 953 3598 occurrebas
983 3533 1098 3614 dignus
1118 3551 1156 3598 eo
1175 3551 1317 3613 munere,
1345 3551 1407 3614 quo

230 3644 367 3720 uterquc
385 3643 530 3704 nostrum
550 3621 934 3704 communiter'uteremr.
963 3640 1042 3704 mihi
1061 3639 1190 3722 quidem
1208 3640 1255 3704 ita
1273 3641 1408 3704 iucunda

231 3746 326 3811 huius
363 3744 438 3811 libri
475 3744 629 3812 confectio
664 3745 736 3826 luit,
774 3750 810 3810 ut
844 3765 907 3811 non
944 3747 1038 3812 modo
1075 3765 1185 3812 omnes
1219 3746 1409 3812 absterserit

232 3854 407 3919 senectutis
435 3853 610 3934 molestias,
644 3854 700 3919 sed
729 3851 871 3918 effecerit
897 3854 1025 3918 mollem
1055 3855 1151 3918 etiam
1180 3859 1213 3918 et
1239 3854 1407 3918 iucundam

233 3965 440 4026 senectutem.
487 3979 659 4041 numquam
693 3961 793 4041 igitur
825 3960 920 4042 digne
948 3962 1028 4026 satis
1056 3961 1179 4026 laudari
1207 3960 1409 4042 philosophia

232 4068 361 4148 poterit,
396 4067 447 4132 cui
483 4068 537 4150 qui
572 4072 694 4148 pareat,
730 4084 822 4132 omne
858 4072 986 4149 tempus
1019 4069 1136 4134 aetatis
1165 4068 1234 4133 sine
1261 4067 1409 4132 molestia

233 4175 337 4254 possit
373 4175 499 4255 degere.
543 4174 600 4239 sed
637 4175 677 4238 de
714 4175 829 4240 ceteris
867 4180 900 4239 et
936 4175 1073 4241 diximus
1106 4175 1207 4240 multa
1242 4179 1275 4239 et
1313 4183 1444 4254 saepes

288 4296 397 4336 Ciceronis
411 4297 462 4336 cato
477 4295 545 4336 Maior
560 4303 582 4334 er
597 4297 692 4336 Laelius.
1218 4309 1230 4358 1
