3296 4754
482 591 575 648 caro
595 592 716 648 maros
734 593 785 648 on
805 592 1022 652 enumcrare
1042 595 1157 648 aa-ae.
1366 602 1406 661 23

232 819 315 883 citur
349 817 394 897 id,
430 818 515 898 quod
545 836 608 899 ego
643 837 758 900 magno
795 819 954 901 quondam
989 801 1067 882 cum
1095 818 1234 883 adsensu
1270 819 1408 884 omnium

233 925 308 1005 dixi,
344 925 494 988 miseram
523 941 595 989 esse
623 930 831 1006 senectutem,
867 943 948 1007 quae
977 943 1012 989 se
1041 926 1184 990 oratione
1213 924 1408 991 defenderet.
1472 953 1474 961 =

232 1051 295 1097 non
330 1032 401 1095 cani
435 1049 509 1095 nect
526 1050 627 1112 rugae
659 1035 799 1114 repente'
829 1033 1052 1097 auctoritatem
1088 1033 1230 1114 arripere
1263 1037 1409 1114 possunt,

233 1139 289 1205 sed
316 1139 453 1203 honeste
481 1142 552 1202 acta
580 1137 727 1219 superior
754 1143 843 1203 aetas
869 1137 991 1203 fructus
1018 1139 1104 1220 capit
1129 1139 1329 1204 auctoritatis
1357 1157 1410 1204 ex·

233 1252 364 1311 tremos.
408 1245 487 1310 haec
514 1244 600 1310 enim
628 1246 699 1326 ipsa
728 1250 803 1309 sunt
821 1244 1031 1322 honorabilia,
1061 1260 1143 1327 quae
1161 1246 1311 1311 videntur
1328 1246 1412 1311 levia
1429 1257 1462 1309 63

233 1351 544 1434 atquecommunia,
573 1351 717 1431 salutari,
746 1352 865 1433 adpeti,
894 1352 1015 1433 decedi,
1042 1352 1184 1434 adsurgi,
1211 1351 1334 1432 deduci,
1362 1372 1411 1417 re-

235 1459 317 1539 duci,
354 1458 493 1538 consuli;
530 1477 611 1540 quae
647 1464 680 1522 et
715 1459 799 1540 apud
833 1477 892 1524 nos
921 1463 954 1524 et
981 1459 1015 1522 in
1042 1458 1116 1525 aliis
1145 1458 1340 1539 civitatibus,
1376 1464 1412 1524 ut
1464 1477 1467 1486 ⁴

234 1568 378 1649 quaeque
414 1565 535 1646 optime
569 1569 693 1630 morata
728 1570 788 1645 est,
824 1566 870 1629 ita
907 1565 1154 1647 diligentissime
1189 1565 1410 1634 observantur.

234 1673 433 1756 Lysandrum
453 1671 750 1752 Lacedaemonium,
776 1673 867 1738 'cuius
887 1672 981 1757 modo
999 1671 1061 1738 feci
1079 1674 1286 1754 mentionem,
1306 1673 1412 1741 dicere

233 1781 324 1843 aiunt
358 1779 489 1844 solitum
517 1778 789 1843 Lacedaemonem
825 1797 897 1844 esse
925 1778 1189 1846 honestissimum
1217 1781 1412 1846 domicilium

234 1885 426 1965 senectutis3
461 1903 618 1968 nusquam
654 1886 739 1951 enim
774 1890 898 1950 tantum
927 1886 1080 1951 tribuitur
1108 1887 1218 1966 aetati,
1254 1872 1412 1969 nusquam

233 1997 284 2057 est
311 1996 460 2058 senectus
482 1991 684 2058 honoratior.
728 1991 929 2074 quinetiam
958 1993 1132 2058 memoriae
1159 1994 1321 2075 proditum
1350 1998 1411 2072 est,

236 2118 305 2164 cum
334 2099 471 2165 Athenis
498 2100 583 2165 ludis
611 2100 741 2181 quidam
769 2101 802 2163 in
830 2100 1143 2192 theatrumgrandis
1163 2104 1241 2164 natu
1259 2101 1414 2179 venisset,

234 2225 348 2288 magno
385 2223 539 2272 consessu
572 2206 677 2271 locum
712 2225 868 2288 nusquam
905 2208 935 2272 ei
969 2207 1079 2272 datum
1114 2226 1134 2271 a
1168 2207 1236 2272 suis
1272 2205 1393 2272 civibus
1404 2226 1413 2285 ;1

234 2331 303 2378 cum
341 2317 449 2378 autem
486 2313 526 2377 ad
562 2313 831 2378 Lacedaemonios
868 2313 1069 2393 accessisset,
1112 2313 1167 2396 qui
1203 2314 1304 2395 legati
1342 2332 1412 2379 cum

234 2425 353 2500 essent,
390 2425 476 2485 certo
511 2421 546 2483 in
579 2420 648 2486 loco
683 2421 905 2500 consederant,
941 2421 1181 2485 consurrexisse
1217 2438 1327 2486 omnes
1364 2421 1412 2485 illi

234 2527 381 2592 dicuntur
417 2532 450 2591 et
485 2545 594 2591 senem
629 2545 754 2592 sessum
789 2528 961 2609 recepisse.
1009 2526 1124 2608 quibus
1153 2546 1223 2592 cum
1252 2547 1271 2591 a
1299 2533 1411 2592 cuncto
1430 2539 1465 2590 64

234 2652 386 2699 consessu
415 2634 546 2716 plausus
575 2638 662 2700 esset
690 2633 857 2715 multiplex
886 2633 992 2714 datus,
1021 2634 1141 2700 dixisse
1170 2653 1209 2698 ex
1237 2635 1284 2698 eis
1314 2652 1411 2715 quen-

234 2741 306 2806 dam
334 2740 548 2806 Athenienses
584 2741 676 2819 scire,
713 2758 794 2822 quae
827 2745 915 2806 recte
942 2745 1062 2820 essent,
1099 2741 1156 2806 sed
1183 2739 1288 2806 facere
1316 2741 1411 2805 nolle.

234 2848 335 2912 multe
362 2849 396 2912 in
423 2854 531 2913 vestro
560 2848 693 2928 collegio
722 2847 895 2928 praeclara,
929 2848 986 2912 sed
1013 2848 1083 2926 hoc,
1118 2848 1157 2912 de
1186 2866 1248 2930 quo
1277 2849 1413 2929 agimus,

236 2956 270 3018 in
298 2953 420 3035 primis,
457 2954 551 3036 quod,
587 2960 623 3019 ut
657 2955 793 3035 quisque
821 2958 927 3019 aetate
955 2955 1126 3034 antecedit,
1145 2956 1207 3019 'ita
1234 2955 1414 3019 sententiae

235 3061 450 3144 principatum
481 3066 583 3151 tenet,
618 3079 722 3143 neque
758 3062 861 3126 solum
896 3061 1018 3126 honore
1046 3061 1321 3141 antecedentibus,
1357 3062 1414 3127 sed

235 3169 282 3233 eis
325 3169 433 3248 etiam,
476 3169 531 3250 qui
568 3185 638 3232 cum
679 3168 815 3248 imperio
853 3172 938 3247 sunt,
980 3168 1119 3232 maiores
1156 3173 1234 3233 natu
1258 3187 1414 3249 ⁴augures

234 3279 483 3358 anteponuntur.
520 3293 600 3356 quae
630 3277 707 3339 sunt
734 3275 834 3356 igitur
852 3274 1035 3355 voluptates
1055 3277 1197 3357 corporis
1217 3294 1287 3340 cum
1306 3280 1414 3341 aucto-

233 3383 341 3448 ritatis
370 3383 521 3464 praemiis
550 3382 805 3463 comparandae?
833 3381 948 3463 quibus
978 3383 1032 3464 qui
1056 3381 1223 3463 splendide
1251 3383 1301 3447 usi
1327 3388 1414 3461 sunt,
1480 3369 1483 3376 ’

235 3491 265 3554 ei
285 3491 364 3554 mihi
383 3491 532 3555 videntur
551 3487 690 3554 fabulam
710 3489 827 3554 aetatis
846 3490 1011 3571 peregisse
1031 3508 1089 3555 nec
1107 3493 1271 3570 tamquam
1290 3490 1414 3554 inexer-

234 3598 325 3662 citati
352 3596 526 3662 histriones
553 3597 588 3660 iu
615 3601 758 3662 extremo
786 3599 861 3660 actu
889 3597 1057 3662 corruisse.

247 3709 250 3712 '
323 3701 367 3768 At
401 3710 477 3768 sunt
511 3705 630 3769 morosi
665 3709 698 3767 et
725 3704 812 3768 anxii
840 3708 873 3767 et
901 3704 1044 3768 iracundi
1073 3707 1106 3768 et
1134 3700 1279 3769 difficiles
1309 3723 1413 3769 senes.
1434 3715 1468 3765 65

235 3812 263 3876 si
292 3813 485 3892 quaerimus
522 3811 619 3876 etiam
647 3810 751 3889 avari,
787 3810 844 3875 sed
871 3810 951 3875 haec
979 3827 1102 3874 morum
1131 3811 1208 3876 vitia
1237 3815 1322 3892 sunt,
1351 3829 1414 3876 non

235 3917 421 3983 senectutis.
468 3935 504 3982 ac
537 3917 709 3982 morositas
744 3921 851 3981 tamen
887 3921 920 3981 et
948 3935 985 3982 ea
1012 3918 1100 3997 vitia,
1137 3936 1218 4000 quae
1247 3918 1322 3997 dixi,
1357 3918 1413 3982 ha-

234 4023 312 4089 bent
339 4024 461 4106 aliquid
489 4025 704 4089 excusationis
732 4041 796 4089 non
822 4024 910 4089 illius
939 4024 1067 4106 quidem
1095 4024 1211 4105 iustae,
1245 4026 1302 4090 sed
1330 4041 1413 4105 quae

234 4131 364 4213 probari
399 4150 494 4214 posse
521 4130 686 4210 videatur3
722 4132 882 4198 contemni
911 4149 945 4196 se
975 4135 1099 4213 putant,
1135 4131 1267 4213 despici,
1302 4132 1413 4210 inludi,

235 4233 402 4319 praeterea
436 4240 470 4303 in
498 4235 604 4320 fragili
632 4256 765 4319 corpore
793 4239 904 4304 odiosa
932 4240 1035 4304 omnis
1065 4237 1196 4304 offensio
1226 4244 1285 4302 est.
1334 4257 1414 4319 quae
