3296 4754
481 567 575 622 CATO
595 567 715 622 MAIOR
733 567 784 622 DE
803 567 1022 624 SENECTUTE
1041 571 1155 624 32—38.
1366 578 1404 638 13

231 810 294 856 non
319 793 483 874 proprium
509 792 683 857 senectutis
709 791 821 856 vitium
848 796 909 872 est,
936 791 993 857 sed
1019 810 1184 857 commune
1203 769 1405 860 valetudinis.

231 918 325 981 quarn
358 897 420 963 fuit
451 898 619 964 inbecillus
651 898 685 964 P.
714 896 856 963 Africani
888 897 984 978 filius,
1017 900 1045 964 is
1079 899 1134 980 qui
1165 904 1199 966 te
1231 901 1404 984 adoptavit,

180 1032 183 1045 s
230 1024 325 1088 quam
351 1006 441 1070 tenui
467 1009 523 1071 aut
547 1005 634 1070 nulla
658 1006 765 1086 potius
790 1004 990 1072 valetudine!
1038 1007 1122 1087 quod
1149 1008 1182 1071 ni
1207 1008 1254 1072 ita
1278 995 1404 1089 fuisset,

229 1113 365 1178 alterum
402 1113 481 1178 illud
515 1113 677 1178 extitisset
707 1113 814 1176 lumen
847 1113 1004 1191 civitatis;
1041 1112 1082 1177 ad
1118 1116 1283 1194 paternam
1321 1116 1405 1182 euim

231 1219 481 1301 magnitudinem
507 1221 603 1285 animi
629 1219 772 1285 doctrina
796 1219 926 1285 uberior
951 1225 1139 1285 accesserat.
1187 1221 1262 1302 quid
1288 1223 1403 1287 mirum

229 1327 329 1409 igitur
355 1327 389 1391 in
417 1327 558 1406 senibus,
592 1327 620 1391 si
648 1325 765 1390 infirmi
794 1327 859 1391 sint
886 1326 1067 1408 aliquando,
1101 1345 1171 1392 cum
1199 1327 1232 1392 id
1260 1347 1299 1394 ne
1327 1329 1404 1394 adu·

228 1435 387 1499 lescentes
407 1434 535 1515 quidem
555 1432 694 1515 effugere
712 1434 860 1515 possint?
879 1434 1106 1522 resistendum,
1125 1433 1215 1500 Laeli
1234 1439 1268 1500 et
1287 1433 1404 1518 Scipio,

230 1541 389 1606 senectuti
415 1547 466 1607 est
491 1542 624 1622 eiusque
649 1541 727 1606 vitia
753 1540 920 1622 diligentia
946 1543 1180 1622 compensanda
1206 1546 1297 1622 sunt3
1324 1563 1404 1625 pug-

228 1649 367 1714 nandum
394 1653 557 1729 tamquam
583 1651 693 1715 contra
715 1647 898 1712 morborum
917 1648 981 1713 vim
1002 1649 1047 1712 sic
1066 1653 1176 1713 contra
1195 1654 1405 1733 senectutem,

229 1754 376 1820 habenda
408 1756 490 1820 ratio
522 1755 725 1834 valetudinis,
759 1755 913 1819 utendum
946 1755 1227 1822 exercitationibus
1260 1747 1456 1837 modicis,'3o
1504 1783 1506 1788 v

230 1866 355 1926 tantum
382 1861 443 1925 cibi
469 1865 503 1926 et
528 1862 667 1943 potionis
693 1860 920 1940 adhibendum,
945 1866 987 1927 ut'
1007 1860 1191 1927 reficiantur
1215 1865 1311 1944 vires,
1339 1883 1404 1929 non

230 1969 460 2050 opprimantur.
507 1987 566 2032 nec
593 1985 667 2033 vero
696 1969 821 2050 corpori
847 1969 950 2033 solum
976 1968 1227 2035 subveniendum
1257 1975 1317 2049 est,
1346 1971 1403 2036 sed

229 2076 330 2140 menti
355 2080 452 2157 atque
478 2076 582 2141 animo
609 2075 710 2140 multo
736 2075 856 2156 magis3
882 2094 955 2140 nam
980 2076 1058 2140 haec
1077 2094 1214 2159 quoque,
1241 2078 1304 2142 nisi
1322 2081 1403 2142 tam·

230 2201 323 2264 quam
351 2182 464 2247 lumini
490 2183 595 2248 oleum
620 2182 769 2262 instilles,
797 2183 1027 2263 extinguuntur
1053 2187 1228 2249 senectute.
1278 2188 1310 2248 et
1335 2203 1404 2251 cor-

228 2307 307 2371 pora
334 2289 463 2370 quidem
492 2291 755 2355 exercitationum
783 2288 1012 2370 defatigatione
1039 2291 1274 2371 ingravescunt,
1307 2293 1404 2356 animi

159 2421 161 2432 ·
229 2401 336 2461 autem
371 2396 546 2466 exercendo
581 2397 738 2463 levantur.
786 2415 858 2460 nam
894 2414 974 2478 quos
1009 2397 1055 2462 ait
1083 2395 1240 2464 Caecilius
1275 2385 1403 2464 ‘comi-

229 2521 295 2569 cos
323 2503 479 2569 stultos
508 2501 648 2583 senes’,
676 2502 735 2567 hos
762 2501 922 2584 significat
940 2504 1097 2584 credulos,
1126 2504 1309 2585 obliviosos
1338 2506 1403 2570 dis-

228 2611 361 2690 solutos,
397 2628 478 2691 quae
506 2611 584 2675 vitia
611 2614 687 2676 sunt
713 2627 777 2675 non
805 2613 992 2692 senectutis,
1022 2611 1079 2676 sed
1106 2612 1230 2692 inertis,
1259 2613 1402 2693 ignavae,

228 2717 459 2782 somniculosae
494 2717 679 2782 senectutis
725 2721 762 2781 ut
796 2718 984 2798 petulantia,
1019 2724 1056 2783 nt
1089 2718 1191 2783 libido
1222 2719 1323 2800 magis
1352 2726 1404 2784 est

227 2825 479 2890 adulescentium
508 2811 602 2905 quam
624 2841 746 2904 senum,
775 2842 834 2888 nec
851 2828 959 2890 tamen
979 2826 1119 2890 omnium
1139 2825 1401 2903 adulescentium,

227 2931 285 2995 sed
320 2949 384 2996 non
417 2930 601 3012 proborum,
636 2932 682 2996 sic
715 2931 780 2996 ista
814 2931 924 2996 senilis
960 2932 1109 3011 stultitia,
1145 2951 1227 3014 quae
1255 2932 1402 2998 deliratio

227 3038 383 3119 appellari
420 3038 512 3116 solet,
550 3055 662 3103 senum
698 3039 816 3103 levium
853 3043 914 3117 est,
952 3056 1015 3104 non
1053 3039 1204 3104 omnium.
1251 3044 1403 3120 quattuor
1421 3051 1455 3103 37

226 3145 376 3211 robustos
411 3144 505 3225 filios,
541 3145 681 3226 quinque
716 3144 809 3224 filias,
844 3150 967 3209 tantam
995 3145 1134 3225 domum,
1169 3150 1276 3227 tantas
1305 3147 1402 3213 clien-

226 3253 307 3318 telas
344 3253 468 3335 Appius
505 3250 638 3334 regebat
675 3257 708 3316 et
745 3270 856 3316 caecus
895 3256 927 3316 et
964 3271 1079 3331 sencn;
1120 3254 1279 3318 intentum
1318 3255 1402 3318 enim

227 3360 365 3425 animum
404 3365 567 3440 tamquam
602 3377 709 3424 arcum
746 3357 886 3424 habebat
920 3376 978 3424 uec
1012 3360 1221 3441 languescens
1259 3379 1402 3426 succum·

227 3465 323 3531 bebat
356 3465 525 3532 senectut'.
572 3465 703 3531 tenebat
737 3484 800 3532 non
828 3465 923 3532 modo
949 3468 1184 3545 auctoritatem,
1221 3467 1277 3532 sed
1305 3469 1402 3534 etiam

225 3573 395 3654 imperium
422 3575 454 3638 in
484 3592 570 3652 suos,
598 3571 785 3638 metuebant
813 3574 908 3651 servi,
944 3573 1136 3639 verebantur
1162 3573 1266 3653 liberi,
1295 3593 1402 3641 carum

227 3698 338 3746 omnes
365 3680 541 3760 habebant3
570 3680 700 3762 vigebat
727 3680 760 3744 in
788 3679 844 3744 illa
872 3680 965 3745 domo
993 3681 1118 3762 patrius
1146 3699 1218 3750 mos
1247 3685 1281 3747 et
1307 3683 1402 3748 disci·

226 3788 322 3868 plina.
368 3790 414 3853 ita
449 3789 531 3852 enim
568 3792 715 3852 senectus
750 3787 886 3852 honesta
920 3792 980 3866 est,
1017 3789 1044 3853 si
1080 3806 1114 3854 se
1149 3789 1221 3870 ipsa
1249 3788 1401 3867 defendit,
1421 3799 1454 3852 38

227 3895 255 3960 si
289 3897 340 3959 ius
376 3912 468 3960 suum
503 3895 631 3974 retinet,
668 3895 696 3959 si
724 3894 844 3958 nemini
872 3895 1051 3975 mancipata
1080 3899 1139 3975 est,
1175 3895 1203 3961 si
1231 3914 1333 3977 usqne
1362 3896 1401 3960 ad

228 4002 374 4067 ultimum
403 4002 551 4082 spiritum
580 4001 762 4066 dominatur
790 4003 822 4066 in
851 4019 938 4066 suos.
976 4007 1012 4066 ut
1041 4003 1125 4066 enim
1153 4003 1400 4080 adulescentem,

228 4109 260 4172 in
295 4126 357 4191 quo
392 4112 443 4174 est
476 4109 577 4174 senile
612 4109 743 4190 aliquid,
782 4109 829 4175 sic
865 4127 985 4187 senem,
1023 4110 1055 4173 in
1094 4127 1157 4192 quo
1195 4115 1245 4176 ast
1280 4109 1402 4191 aliquid

227 4214 452 4295 adulescentis,
489 4216 605 4298 probo;
642 4216 726 4298 quod
762 4216 816 4298 qui
852 4219 1008 4297 sequitur,
1044 4234 1176 4300 corpore
1204 4235 1300 4282 senex
1329 4233 1400 4280 esse
