3296 4754
229 552 230 560 ’
256 539 296 598 30
640 533 677 586 M.
697 533 823 588 TULLII
841 531 1034 587 CICERONIS

200 764 234 816 83
253 761 352 820 retur.
408 757 508 838 quid?
553 757 638 838 quod
666 757 925 838 sapientissimus
954 758 1089 839 quisque
1108 757 1301 840 aequissimo
1321 758 1425 822 animo

254 863 398 942 moritur,
428 863 639 929 stultissimus
667 864 881 946 iniquissimo,
909 882 1017 929 nonne
1042 863 1134 929 vobis
1161 865 1288 930 videtur
1316 865 1344 930 is
1359 865 1426 928 ani-

185 1020 187 1024 .
253 987 334 1050 mus,
364 969 418 1051 qui
446 970 518 1051 plus
547 976 656 1036 cernat
683 976 717 1036 et
743 971 881 1052 longius,
909 971 1018 1036 videre
1047 989 1081 1036 se
1109 971 1151 1034 ad
1169 971 1302 1036 meliora
1329 971 1426 1052 profi-

236 1077 337 1158 cisci,
366 1075 420 1141 ille
448 1081 568 1162 autem,
598 1079 687 1143 cuius
716 1077 861 1143 obtusior
888 1077 933 1142 sit
959 1079 1054 1157 acies,
1083 1095 1147 1142 non
1165 1077 1296 1144 videre?
1337 1079 1425 1161 equi-

252 1183 325 1248 dem
366 1181 481 1248 efferor
521 1185 627 1249 studio
669 1190 777 1266 patres
818 1189 954 1265 vestros,
997 1203 1076 1268 quos
1118 1184 1200 1250 colui
1242 1189 1276 1250 et
1316 1185 1424 1262 dilexi,

252 1289 380 1355 videndi
416 1309 520 1373 neque
556 1309 631 1356 vero
674 1310 729 1357 eos
771 1293 856 1357 solos
891 1293 1059 1358 convenire
1100 1309 1189 1372 aveo,
1215 1309 1312 1373 quos
1354 1292 1424 1373 ipse

252 1398 394 1478 cognovi,
429 1399 486 1464 sed
522 1398 595 1464 illos
633 1399 740 1480 etiam,
778 1399 817 1464 de
852 1399 968 1480 quibus
1006 1399 1113 1464 audivi
1141 1398 1266 1480 etlegi
1294 1399 1424 1479 etipse

251 1505 435 1586 conscripsi.
492 1523 553 1587 quo
582 1506 711 1586 quidem
748 1525 798 1570 me
826 1504 1079 1586 proficiscentem
1114 1499 1200 1570 haud
1237 1524 1313 1570 sane
1351 1507 1422 1588 quis

249 1609 342 1676 facile
370 1613 542 1678 retraxerit
568 1630 627 1677 nec
653 1617 816 1695 tamquam
848 1612 969 1677 Peliam
997 1613 1162 1678 recoxerit.
1219 1617 1253 1677 et
1294 1613 1321 1676 si
1350 1613 1422 1695 quis

250 1718 346 1784 deus¹
370 1719 449 1785 mihi
490 1719 656 1801 largiatur,
691 1724 728 1784 ut
765 1739 803 1784 ex
839 1719 899 1784 hac
934 1724 1041 1784 aetate
1077 1737 1300 1800 repuerascam
1328 1720 1422 1784 etin

250 1827 339 1890 cunis
366 1827 503 1907 regiam,
530 1826 623 1891 valde
657 1844 802 1892 recusem
836 1844 894 1891 nec
920 1845 996 1892 vero
1030 1826 1125 1891 velim
1163 1827 1255 1908 quasi
1288 1826 1421 1892 decurso

196 1933 354 2014 aspasio
382 1933 424 1998 ad
452 1951 596 2000 carceres
633 1953 653 1996 a
690 1934 774 1998 calce
802 1935 954 1999 revocari.
1010 1934 1087 2015 quid
1115 1935 1197 1997 enim
1231 1932 1330 1998 habet
1356 1933 1422 1998 vita

250 2040 430 2104 commodi?
475 2041 553 2122 quid
580 2059 643 2105 non
671 2041 779 2122 potius
806 2040 951 2106 laboris?
997 2041 1054 2106 sed
1082 2039 1199 2104 habeat
1218 2058 1305 2120 sane,
1325 2039 1423 2122 habet

249 2151 335 2212 certe
376 2151 483 2212 tamen
524 2152 581 2214 aut
622 2148 804 2213 satietatem
841 2152 897 2212 aut
934 2148 1071 2212 modum.
1128 2164 1192 2212 non
1228 2146 1309 2212 libet
1336 2148 1421 2212 enim

248 2253 328 2317 milri
342 2253 510 2335 deplorare
538 2256 648 2334 vitam,
677 2255 762 2336 quod
789 2255 882 2319 multi
911 2258 944 2319 et
972 2255 1002 2319 ei
1030 2255 1115 2319 docti
1144 2273 1240 2334 saepe
1263 2253 1418 2334 fecerunt,

129 2431 130 2436 ἵ
248 2379 352 2442 neque
379 2380 430 2424 me
458 2362 577 2426 vixisse
605 2363 759 2443 paenitet,
789 2362 938 2443 quoniam
966 2360 1013 2426 ita
1039 2363 1113 2432 vixi
1147 2366 1184 2426 ut
1210 2379 1273 2426 non
1301 2359 1421 2426 frustra

162 2506 165 2510 -
248 2485 298 2532 me
326 2472 436 2533 natum
465 2469 655 2548 existimem,
694 2473 727 2534 et
763 2488 802 2533 ex
833 2470 901 2534 vita
936 2469 983 2532 ita
1019 2469 1148 2534 discedo
1185 2474 1357 2560 tamquam
1382 2487 1420 2532 ex

247 2574 399 2656 hospitio,
428 2594 490 2640 non
528 2581 691 2658 tamquam
727 2595 744 2640 e
773 2576 876 2640 domo.
932 2575 1146 2641 commorandi
1184 2575 1268 2640 enim
1305 2579 1420 2640 natura

247 2681 465 2748 deversorium
493 2683 596 2764 nobis,
623 2701 686 2747 non
713 2682 881 2747 habitandi
907 2682 1005 2747 dedit.
1061 2700 1079 2747 o
1106 2682 1303 2764 praeclarum
1323 2682 1418 2762 diem,

247 2806 317 2852 cum
336 2790 370 2854 in
388 2788 467 2854 illud
486 2790 628 2854 divinum
647 2791 824 2855 animorum
844 2789 1010 2854 concilium
1029 2793 1218 2872 coetumque
1238 2787 1419 2870 proficiscar
1477 2795 1482 2801 “

246 2913 380 2978 cumque
400 2915 438 2962 ex
457 2896 517 2961 hac
534 2896 630 2962 turba
649 2901 682 2961 et
701 2897 887 2962 conluvione
906 2896 1086 2962 discedam!
1132 2895 1316 2978 proficiscar
1334 2897 1418 2961 enim

245 3020 308 3067 non
327 3003 369 3068 ad
387 3022 442 3068 eos
463 3003 565 3068 solum
583 3004 680 3084 viros,
699 3004 739 3069 de
765 3004 881 3086 quibus
909 3008 983 3068 ante
1011 3003 1086 3083 dixi,
1113 3023 1223 3069 verum
1252 3005 1350 3069 etiam
1378 3003 1418 3067 ad

246 3107 399 3175 Catonem
418 3130 534 3191 meum,
556 3130 617 3193 quo
636 3128 729 3176 nemo
755 3111 804 3176 vir
831 3111 945 3176 melior
972 3115 1156 3190 natusest,
1185 3128 1277 3176 nemo
1295 3111 1418 3192 pietate

245 3204 477 3296 praestantiam
506 3219 596 3284 cuius
629 3238 648 3282 a
681 3237 731 3283 me
764 3237 879 3299 corpus
912 3221 964 3282 est
981 3223 1165 3298 crematum,
1195 3217 1280 3299 quod
1308 3221 1419 3282 contra

245 3323 361 3404 decuit,
395 3325 435 3389 ab
466 3325 521 3390 illo
554 3344 671 3405 meum,
704 3325 829 3390 animus
855 3343 930 3389 vero
956 3343 1018 3389 non
1037 3344 1089 3390 me
1108 3325 1271 3404 deserens
1291 3324 1349 3390 sed
1367 3344 1417 3389 re-

245 3435 393 3510 spectans
412 3433 445 3498 in
465 3451 501 3496 ea
521 3431 662 3513 profecto
681 3432 750 3497 loca
784 3433 944 3510 discessit,
975 3449 1037 3512 quo
1065 3432 1144 3495 mihi
1172 3432 1235 3512 ipsi
1268 3432 1418 3497 cernebat

244 3555 316 3602 esse
348 3539 550 3605 veniendum.
606 3559 699 3620 quem
733 3557 792 3621 ego
820 3558 925 3604 meum
954 3557 1061 3604 casum
1079 3537 1208 3603 fortiter
1225 3537 1310 3604 ferre
1328 3539 1416 3603 visus

244 3661 325 3724 sum,
357 3665 421 3711 non
454 3665 516 3729 quo
553 3664 655 3729 aequo
688 3647 793 3711 animo
819 3644 946 3725 ferrem,
980 3646 1037 3710 sed
1062 3646 1201 3727 meipso
1230 3646 1417 3712 consolabar

243 3752 430 3817 existimans
459 3773 522 3818 non
549 3754 758 3836 longinquum
783 3754 868 3818 inter
892 3770 950 3818 nos
973 3752 1152 3833 digressum
1180 3757 1212 3818 et
1237 3754 1414 3818 discessum

189 3864 223 3915 85
242 3857 320 3923 fore.
376 3860 427 3925 his
447 3861 525 3925 mihi
544 3860 651 3940 rebus,
673 3859 789 3942 Scipio,
810 3861 857 3942 (id
876 3861 961 3924 enim
980 3864 1012 3924 te
1032 3878 1102 3925 eum
1128 3859 1237 3926 Laelio
1263 3860 1414 3924 admirari

242 3966 346 4031 solere
365 3967 492 4050 dixisti)
510 3969 590 4032 levis
611 3972 661 4033 est
689 3973 837 4034 senectus
870 3985 929 4032 nec
953 3968 1055 4032 solum
1087 3986 1151 4035 non
1183 3969 1327 4048 molesta,
1357 3967 1414 4032 sed

242 4073 338 4137 etiam
363 4074 510 4140 iucunda.
566 4075 680 4157 quodsi
705 4076 739 4140 in
764 4076 824 4140 hoc
850 4094 931 4155 erro,
959 4075 1013 4156 qui
1041 4075 1164 4140 animos
1182 4075 1345 4140 hominum
1364 4074 1412 4140 in-

241 4180 391 4246 mortales
425 4199 497 4246 esse
526 4182 677 4261 credam
693 4181 832 4247 libenter
860 4201 931 4248 erro
964 4199 1023 4247 nec
1050 4182 1129 4246 mihi
1157 4182 1241 4248 hunc
1260 4201 1411 4261 errorem,
