3296 4754
479 595 573 652 CATO
592 596 712 652 MAIOR
732 598 783 688 DEl
801 596 1018 654 SENECTUTE
1037 601 1152 653 43—48.
1364 603 1402 663 17

229 821 354 902 Graeci,
390 823 444 904 qui
480 823 540 888 hoc
572 823 658 888 id'em
692 828 760 887 tum
796 824 1142 905 compotationem
1170 826 1238 887 tum
1266 839 1424 898 conce-v

227 930 436 994 nationem
463 933 587 1010 vocant,
613 915 669 1011 ut,
703 929 788 1011 quod
815 932 848 995 in
876 948 914 995 eo
942 949 1059 1012 genere
1086 930 1251 995 minimum
1281 934 1341 1010 est,
1369 929 1402 993 id

227 1037 364 1101 maxime
399 1035 534 1117 probare
567 1036 745 1101 videantur.
793 1056 852 1119 ego
887 1055 962 1102 0000
997 1041 1130 1119 0000000
1163 1037 1319 1102 sermonis
1347 1036 1402 1100 de·
1421 1009 1464 1134 {3²
1493 1123 1497 1136 ἣ

226 1142 430 1208 lactationem
466 1143 668 1224 tempestivis
706 1161 833 1226 quoque
870 1145 1022 1210 conviviis
1059 1143 1201 1209 delector
1236 1161 1295 1208 000
1331 1161 1402 1207 cum

227 1249 414 1337 aequalibus
443 1249 556 1330 solum,
586 1251 641 1332 qui
664 1251 756 1331 pauci
775 1251 946 1316 admodum
964 1255 1099 1330 restant,
1128 1250 1187 1317 sed
1206 1268 1276 1315 cum
1295 1253 1402 1316 vestra

227 1357 324 1422 etiam
352 1359 458 1421 aetate
486 1361 583 1438 atque
610 1357 774 1422 vobiscum
801 1358 968 1440 habeoque
986 1357 1145 1423 senectuti
1164 1375 1311 1438 magnam
1330 1375 1402 1438 gra·

227 1464 317 1544 tiam,
353 1482 434 1546 quae
468 1464 547 1528 mihi
576 1465 732 1542 sermonis
760 1464 947 1530 aviditatem
974 1465 1073 1544 auxit,
1108 1463 1249 1546 potionis
1277 1468 1312 1528 et
1338 1460 1403 1530 cibi

227 1570 369 1636 sustulit.
408 1570 524 1652 quodsi
553 1589 646 1651 quem
675 1571 771 1635 etiam
800 1573 864 1636 ista
883 1571 1043 1637 delectant
1062 1571 1117 1655 (ne
1136 1570 1264 1636 omnino
1282 1569 1402 1635 bellum
1488 1550 1492 1562 ¹

225 1677 380 1742 indixisse
414 1678 524 1742 videar
557 1677 725 1758 voluptati,
764 1679 853 1744 cuius
890 1683 940 1743 est
973 1677 1112 1743 fortasse
1147 1676 1276 1760 quidam
1310 1680 1402 1742 natu·

225 1784 303 1849 ralis
331 1783 470 1867 modus),
499 1801 562 1849 non
589 1785 742 1866 intellego
770 1805 810 1850 ne
838 1785 972 1851 inistis
1001 1784 1129 1868 quidem
1156 1785 1237 1866 ipsis
1258 1783 1401 1866 volupta-

225 1892 313 1957 tibus
349 1909 457 1956 carere
492 1909 589 1955 sensu
624 1895 831 1957 senectutem.
878 1911 930 1958 me
963 1911 1038 1958 vero
1074 1897 1107 1957 et
1134 1891 1320 1972 magisteria
1347 1891 1402 1955 de-

224 1998 345 2062 lectant
371 2017 390 2062 a
419 1998 591 2063 maioribus
618 1999 769 2064 instituta
796 2003 832 2066 et
858 2001 886 2064 is
915 2017 1031 2079 sermo,
1061 2000 1115 2081 qui
1138 2017 1227 2064 more
1245 1997 1401 2062 maiorum

225 2125 244 2169 a
272 2123 395 2171 summo
424 2104 596 2170 adhibetur
622 2105 656 2169 in
683 2105 807 2186 poculo,
843 2107 1026 2188 00000010,
1062 2107 1146 2172 01000
1171 2106 1212 2198 10
1233 2103 1401 2189 Symposio

225 2211 447 2294 Xenophontis
476 2217 537 2292 est,
564 2212 688 2276 minuto
716 2218 812 2295 atque
840 2213 982 2278 rorantia
1005 2217 1039 2278 et
1056 2211 1259 2295 refrigeratio
1278 2215 1401 2277 aestate

226 2322 259 2383 et
292 2319 434 2384 vicissim
468 2324 525 2382 aut
553 2319 601 2383 sol
628 2323 685 2383 aut
711 2320 796 2400 ignis
826 2320 990 2385 hibernus.
1038 2339 1119 2402 quae
1148 2320 1275 2401 quidem
1304 2319 1401 2384 etiam

224 2426 258 2488 in
278 2423 405 2492 Sabinis
432 2426 584 2508 persequi
611 2426 704 2491 soleo.
724 2427 965 2509 conviviumque
978 2417 1158 2492 'vicinorum
1178 2426 1294 2492 cotidie
1317 2443 1401 2491 com-

224 2532 421 2615 01000000
448 2533 489 2597 ad
516 2532 648 2596 multam
668 2537 804 2614 noctem,
833 2553 928 2616 quam
946 2535 1284 2615 000100000000000,
1312 2532 1400 2598 vario

224 2657 370 2704 sermone
413 2640 627 2721 producimus.
675 2643 709 2704 at
749 2658 813 2706 non
854 2644 905 2706 est
944 2641 1145 2721 voluptatum
1182 2645 1272 2705 tanta
1309 2640 1401 2721 quasi
1419 2652 1453 2702 47
1488 2657 1495 2702 .’

225 2747 367 2812 titillatio
395 2748 428 2810 iu
457 2747 597 2812 senibus.
637 2747 741 2828 credo,
771 2748 828 2812 sed
856 2767 896 2812 ue
924 2747 1118 2813 desideratio
1147 2747 1292 2829 quidem3
1321 2745 1401 2811 nihil

223 2858 331 2918 autem
367 2859 418 2918 est
451 2853 632 2934 molestum,
669 2852 755 2936 quod
789 2872 853 2920 non
880 2855 1057 2920 desideres.
1106 2855 1187 2920 benc
1216 2852 1399 2935 Sophocles,

224 2979 295 3024 cum
331 2978 369 3025 ex
397 2977 435 3025 00
463 2960 592 3041 quidam
620 2962 683 3025 iam
711 2959 836 3026 adfecto
856 2966 971 3026 vaetate
1000 2965 1179 3044 quaereret,
1214 2963 1400 3026 utereturne

222 3054 596 3150 rebus-veneriisz‘di
632 3064 832 3133 melioral'
866 3069 989 3150 inquit;
1025 3058 1110 3150 ‘ego
1145 3086 1239 3133 vero
1271 3067 1401 3131 istinc
1486 3145 1490 3162 ,

223 3175 335 3239 01000
362 3192 381 3238 0
409 3174 569 3239 domino
598 3174 758 3256 agresti
786 3194 830 3239 00
856 3174 1017 3241 furioso
1046 3163 1235 3257 profugi?
1276 3173 1399 3255 cupidis

223 3282 307 3346 enim
335 3300 442 3347 rerum
470 3281 583 3346 talium
611 3282 756 3347 odiosum
785 3279 923 3348 fortasse
951 3287 985 3347 00
1012 3283 1183 3348 molestum
1210 3285 1261 3346 000
1279 3299 1398 3359 carere,

222 3389 348 3452 satiatis
390 3406 466 3454 vero
508 3393 541 3453 et
577 3389 714 3469 expletis
750 3389 918 3455 iucundius
956 3393 1008 3455 est
1044 3407 1152 3455 carere
1194 3407 1289 3472 quam
1325 3386 1398 3452 lrui.

223 3513 415 3577 quamquam
443 3512 507 3560 non
534 3499 622 3561 caret
648 3496 687 3575 10,
717 3496 772 3577 qui
799 3514 863 3561 non
887 3495 1066 3576 desiderat3
1096 3513 1171 3578 ergo
1191 3513 1255 3561 non
1274 3494 1399 3561 deside·

221 3621 293 3666 rare
335 3601 404 3666 dico
446 3620 519 3668 0000
560 3603 756 3671 iucundius„
787 3603 902 3684 quodsi
943 3603 1016 3668 istis
1057 3604 1138 3686 ipsis
1179 3602 1399 3684 voluptatibus
1418 3612 1453 3664 40

222 3709 304 3774 bona
339 3713 428 3774 aetas
463 3707 581 3776 fruitur
612 3709 775 3790 libentius,
811 3711 948 3792 primum
977 3710 1118 3792 00000110
1146 3708 1265 3774 fruitur
1291 3711 1398 3788 rebus,

221 3820 258 3881 ut
286 3816 434 3896 diximus,
464 3816 578 3881 deinde
607 3818 665 3896 eis,
695 3816 810 3898 quibus
839 3822 999 3898 senectus,
1028 3818 1155 3882 etiamsi
1182 3835 1247 3882 non
1274 3817 1399 3882 abunde

221 3924 354 4005 pot'tur,
391 3940 454 3988 non
483 3924 611 3988 omnino
640 3927 736 3988 00000.
784 3928 821 3989 00
849 3924 1009 4006 Turpione
1038 3924 1184 3990 Ambivio
1213 3924 1315 4005 magis
1345 3923 1399 3986 de·

220 4030 367 4111 lectatur,
397 4031 452 4112 qui
480 4031 514 4094 in
541 4031 644 4112 prima
673 4049 767 4096 cavea
795 4035 930 4113 0000000,
959 4032 1137 4097 delectatur
1163 4035 1271 4096 tomen
1291 4031 1397 4106 etiam,

116 4149 122 4164 ·
222 4136 277 4218 qui
312 4139 345 4203 in
382 4138 505 4219 ultima,
547 4138 594 4202 sic
630 4137 847 4203 adulescentia
883 4139 1065 4221 voluptates
1102 4143 1234 4220 propter
1269 4138 1398 4201 intuens

221 4244 323 4325 magis
351 4242 489 4310 fortasse
516 4246 665 4326 laetatur,
690 4245 752 4310 sed
780 4244 958 4311 delectatur
986 4247 1095 4311 etiam¹
1111 4249 1259 4310 senectus
1288 4244 1398 4325 procul

276 4366 384 4406 ciceroni·
399 4367 449 4408 Calo
463 4369 533 4408 Maior
547 4373 569 4407 00
583 4369 678 4408 Laelius.
1206 4379 1222 4429 2
