3296 4754
24 593 28 612 l

254 570 293 629 18
636 561 674 616 M.
693 560 820 620 TULLII
839 560 1032 617 CICERONIS

195 797 232 848 49
251 803 305 850 eas
340 789 488 866 spectans
516 788 652 864 tantum,
688 790 842 866 quantum
870 790 922 849 sat
949 789 1009 850 est.
1056 791 1091 849 at
1117 785 1173 850 illa
1200 787 1311 868 quanti
1339 793 1425 864 sunt,

250 893 389 957 animum
430 895 593 973 tamquam
635 892 778 957 emeritis
820 892 990 973 stipendiis
1031 891 1184 972 libidinis,
1230 893 1425 971 ambitionis,

250 999 473 1078 contentionis,
508 998 757 1078 inimIcitiarum,
793 998 1004 1080 cupiditatum
1039 999 1179 1063 omnium
1214 1017 1332 1074 secum
1354 1017 1426 1064 esse

251 1124 433 1188 senumque,
461 1109 498 1169 ut
523 1105 649 1185 dicitur,
676 1106 798 1169 viveret
836 1106 965 1170 sivero
991 1105 1089 1171 habet
1113 1106 1244 1187 aliquod
1262 1110 1425 1188 tamquam

251 1212 401 1294 pabulum
439 1213 539 1278 studii
575 1215 672 1294 atque
708 1212 883 1292 doctrinae,
919 1212 1000 1277 nihil
1038 1217 1088 1277 est
1125 1213 1228 1278 otiosa
1261 1217 1425 1278 senectute

19 1311 23 1342 ⁵
136 1375 138 1378 .
250 1320 429 1384 iucundius.
476 1319 662 1384 videbamus
687 1319 723 1383 in
750 1319 856 1384 studio
883 1319 1072 1384 dimetIendi
1097 1337 1198 1401 paene
1224 1320 1303 1384 caeli
1328 1323 1426 1401 atque

77 1425 80 1432 ‘
251 1433 357 1492 terrae
384 1424 418 1491 G.
439 1425 564 1505 Galum,
591 1423 780 1490 familiarem
807 1427 909 1507 patris
927 1427 986 1506 tui,
1014 1424 1130 1508 Scipio.
1169 1429 1318 1508 quotiens
1336 1426 1426 1491 illum

159 1535 163 1544 '
251 1534 305 1598 lux
331 1538 426 1598 noctu
445 1533 566 1614 aliquid
585 1532 766 1598 describere
784 1533 978 1614 ingressum,
1005 1535 1153 1615 quotiens
1172 1551 1234 1598 nox
1254 1534 1426 1615 oppressit,

186 1665 190 1673 ·
252 1659 322 1705 cum
350 1659 443 1704 mane
470 1640 645 1721 coepisset!
685 1658 779 1721 quam
808 1639 988 1705 delectabat
1017 1659 1089 1707 enm
1122 1638 1318 1706 defectiones
1347 1640 1424 1706 solis

154 1801 155 1804 ,
199 1758 235 1807 50
253 1752 286 1811 et
311 1748 405 1812 lunae
431 1747 531 1811 multo
556 1750 631 1811 ante
656 1746 748 1812 nobis
772 1747 971 1829 praedicare!
1010 1747 1087 1829 qnid
1114 1748 1147 1811 in
1166 1737 1340 1812 levioribus
1360 1751 1427 1812 stu-

253 1854 324 1933 diis,
351 1854 409 1919 scd
434 1857 542 1918 tamen
567 1854 692 1918 acutis?
729 1873 823 1936 quam
847 1854 1007 1936 gaudebat
1025 1854 1109 1919 bello
1129 1873 1187 1919 suo
1207 1854 1325 1919 Punico
1344 1853 1427 1918 Nae-

252 1962 339 2026 vius!
386 1979 480 2042 quam
506 1960 698 2026 Truculento
725 1960 869 2039 Plautus,
896 1980 991 2043 quam
1018 1961 1192 2026 Pseudolo!
1239 1961 1304 2026 ridi
1331 1961 1427 2024 etiam

253 2086 362 2132 senem
380 2067 523 2146 Livium;
550 2068 605 2149 qui
630 2085 701 2132 cum
727 2086 784 2132 sex
808 2068 900 2132 annis
926 2071 1011 2147 ante,
1038 2087 1133 2150 quam
1151 2086 1212 2149 ego
1230 2072 1326 2133 natus
1345 2083 1426 2142 sum,

253 2174 391 2239 fabulam
420 2175 582 2240 docuisset
610 2172 753 2240 Centone
781 2173 1004 2256 Tuditanoque
1033 2174 1228 2261 consulibua
1256 2192 1358 2256 usque
1387 2174 1427 2238 ad

253 2281 503 2346 adulescentiam
522 2299 626 2346 meam
645 2282 803 2362 processit
820 2285 937 2346 aetate.
976 2282 1052 2364 quid
1072 2282 1111 2347 de
1130 2280 1164 2345 P.
1185 2281 1298 2346 Licinii
1318 2279 1428 2346 Crassi

254 2392 287 2452 et
320 2385 476 2470 pontificii
510 2392 544 2453 et
577 2389 679 2453 civilis
715 2390 795 2454 iuris
830 2389 938 2454 studio
971 2389 1084 2471 loquar
1118 2394 1174 2453 aut
1201 2389 1241 2453 de
1268 2389 1364 2452 huius
1393 2387 1427 2452 Ρ.

255 2493 424 2576 Scipionis,
454 2495 509 2576 qui
537 2495 587 2559 his
616 2496 725 2576 paucis
753 2495 866 2560 diebus
895 2495 1037 2577 pontifex
1058 2497 1213 2560 maximus
1233 2494 1335 2560 factus
1355 2495 1428 2560 est?

161 2680 163 2686 y
253 2608 350 2684 atque
384 2620 440 2668 eos
475 2620 595 2682 omnes,
631 2620 711 2684 quos
746 2604 999 2681 commemoravi,
1032 2602 1082 2667 his
1111 2603 1228 2666 studiis
1255 2601 1428 2682 flagrantes

256 2727 350 2774 senes
375 2709 531 2788 vidimus3
560 2708 603 2772 M.
623 2727 698 2774 vero
718 2707 906 2790 Cethegum,
934 2728 1028 2792 quem
1054 2716 1140 2774 recta
1166 2709 1330 2774 ‘suadae
1356 2726 1428 2773 me-

257 2803 418 2881 dullam'
457 2816 539 2880 dixit
573 2815 708 2895 Ennius,
748 2822 867 2898 quanto
904 2817 1011 2882 studio
1049 2817 1189 2881 exerceri
1224 2816 1259 2880 iu
1295 2816 1429 2881 dicendo

254 2922 441 2988 videbamus
467 2924 564 2988 etiam
590 2924 714 2988 senem!
749 2929 931 3005 quaesunt
955 2923 1056 3005 igitur
1081 2922 1246 3004 epularum
1265 2928 1322 2988 aut
1338 2922 1429 2987 ludo-

255 3049 326 3094 rum
362 3034 419 3093 aut
450 3033 627 3095 scortorum
658 3030 840 3111 voluptates
872 3048 941 3095 cum
974 3030 1026 3096 his
1058 3029 1277 3111 voluptatibus
1305 3047 1429 3110 compa-

256 3137 396 3214 randae?
441 3141 538 3219 atque
572 3137 651 3202 haec
685 3137 813 3218 quidem
842 3137 949 3202 studia
976 3137 1156 3216 doctrinae;
1192 3155 1273 3219 quae
1302 3137 1429 3219 quidem

256 3243 468 3325 prudentibus
504 3249 537 3308 et
570 3244 651 3309 bene
685 3244 845 3308 institutis
880 3246 1001 3325 pariter
1036 3262 1106 3308 cum
1139 3247 1245 3308 aetate
1273 3249 1429 3322 crescunt,

256 3357 292 3415 nt
326 3351 494 3416 honestum
531 3351 610 3416 illud
646 3349 772 3416 Solonis
807 3352 861 3430 sit,
895 3351 982 3434 quod
1015 3351 1062 3414 ait
1095 3350 1252 3416 versiculo
1282 3351 1429 3431 quodam,

256 3462 293 3521 ut
326 3460 400 3521 anta
435 3458 511 3536 dixi,
549 3475 717 3523 senescere
752 3475 787 3522 se
819 3457 921 3521 multa
951 3458 985 3521 in
1019 3457 1088 3522 dies
1112 3457 1340 3536 addiscentem,
1369 3476 1431 3538 qua

256 3564 420 3644 voluptate
448 3565 547 3630 animi
574 3565 661 3629 nulla
688 3570 775 3629 certe
803 3567 1011 3646 potestesse
1039 3563 1149 3628 maior.

197 3642 235 3766 ἒξ
345 3671 446 3736 Venio
482 3690 565 3737 nunc
598 3672 638 3736 ad
672 3671 854 3753 voluptates
889 3671 1110 3752 agricolarum,
1146 3669 1262 3752 quibus
1296 3691 1355 3754 ego
1382 3671 1430 3734 in-

256 3777 453 3844 credibiliter
481 3779 638 3860 delector3
672 3797 753 3860 quae
780 3796 840 3844 nec
866 3778 931 3843 nlla
958 3777 1177 3858 impediuntur
1205 3783 1371 3845 senectute
1398 3780 1431 3841 et

256 3886 335 3950 mihi
370 3886 410 3950 ad
445 3885 600 3968 sapientis
632 3887 731 3952 vitam
759 3887 903 3968 proxime
930 3885 1080 3950 videntur
1106 3885 1266 3950 accedere.
1313 3885 1432 3950 habent

245 3994 340 4057 'anim
375 3995 532 4058 rationem
567 4012 637 4058 cum
664 3997 762 4072 terra,
798 4011 879 4074 quae
906 4009 1079 4072 numquam
1106 3996 1235 4059 recusat
1261 3993 1431 4075 imperium

257 4118 314 4163 nec
345 4119 496 4182 umquam
525 4102 594 4165 sine
622 4119 720 4164 usura
747 4099 863 4179 reddit,
899 4099 983 4180 qnod
1011 4099 1144 4178 accepit,
1179 4099 1237 4163 sed
1264 4101 1344 4165 alias
1372 4099 1432 4163 mi·
1534 4131 1537 4140 ·

256 4223 343 4285 nore,
371 4208 559 4290 plerumque
584 4208 704 4272 maiore
730 4225 800 4271 cnm
825 4205 965 4272 faenore.
1008 4223 1199 4287 quamquam
1225 4225 1276 4272 me
1302 4206 1431 4288 quidem
