3296 4754
151 639 153 646 a
244 603 286 672 42
542 596 546 608 ⁸
630 566 673 659 u.
693 581 818 662 rubnu
837 583 1030 662 nicanorus

229 831 396 920 ¹quantum
423 828 480 892 illa
506 845 559 892 res
586 827 738 894 utilitatis
767 833 856 894 esset
872 829 1031 910 habitura.
1075 828 1160 911 quod
1179 829 1307 912 quidem
1328 829 1422 912 quale

244 935 298 1015 sit,
333 935 430 1000 etiam
458 936 491 998 in
518 935 633 1000 bestiis
662 934 852 1018 quibusdam
880 935 1092 1020 animadverti
1120 940 1239 1018 potest,
1274 955 1355 1018 quae
1383 955 1424 1004 ex

243 1059 278 1106 se
306 1045 399 1107 natos
427 1041 472 1106 ita
499 1025 608 1107 amant
634 1043 676 1107 ad
704 1042 863 1124 quoddam
890 1048 1019 1125 tempus
1047 1047 1081 1108 et
1108 1042 1147 1108 ab
1177 1045 1224 1108 eis
1249 1043 1296 1107 ita
1314 1061 1422 1108 aman·

242 1153 307 1230 tur,
335 1153 373 1214 ut
399 1146 492 1213 facilc
520 1167 629 1238 earum
658 1167 772 1215 sensus
800 1153 965 1232 appareat.
996 1150 1081 1232 quod
1108 1150 1141 1214 in
1168 1150 1297 1216 homine
1320 1149 1421 1216 multo

181 1319 184 1326 ,
244 1256 295 1321 est
327 1255 517 1335 evidentius,
552 1257 690 1348 primum
718 1275 757 1320 ex
784 1243 823 1322 ea
849 1257 994 1338 caritate,
1029 1275 1111 1339 quae
1139 1261 1191 1322 est
1216 1258 1302 1322 inter
1329 1260 1423 1322 natos

243 1366 277 1428 et
310 1366 470 1444 parentes,
506 1379 587 1444 quae
620 1362 726 1428 dirimi
754 1363 817 1429 nisi
845 1359 1030 1429 detestabili
1058 1364 1177 1429 scelere
1205 1382 1268 1429 non
1296 1368 1421 1445 potest;

244 1469 358 1534 deiude
393 1469 478 1551 quod
513 1469 628 1535 similis
662 1487 777 1535 sensus
813 1470 924 1536 existit
951 1461 1079 1552 amoris,
1115 1471 1143 1536 si
1170 1471 1309 1553 aliquem
1337 1471 1423 1536 nacti

244 1594 364 1656 sumus,
400 1577 489 1641 cuius
525 1594 597 1668 eum
631 1577 773 1642 moribus
809 1583 842 1642 et
875 1583 991 1642 natura
1019 1596 1240 1658 congruamus,
1276 1578 1361 1660 qnod
1388 1578 1422 1643 in

225 1700 281 1748 ‘eo
317 1683 409 1764 quasi
442 1683 551 1747 lumen
570 1683 714 1765 'aliquod
748 1684 919 1764 probitatis
948 1689 981 1749 et
1007 1685 1137 1749 virtutis
1166 1685 1348 1767 perspicere
1375 1685 1422 1749 vi·

189 1802 224 1854 aa
244 1789 384 1854 duamur.
420 1789 500 1855 nibil
528 1782 580 1854 est
606 1791 691 1855 enim
718 1791 847 1879 virtute
866 1790 1045 1872 amabilius,
1080 1792 1170 1872 nihil,
1206 1792 1292 1874 quud
1319 1791 1422 1872 magis

243 1896 373 1962 adliciat
399 1896 439 1961 ad
467 1888 675 1978 diligendum,
704 1899 823 1980 quippe
851 1917 922 1964 cum
951 1903 1084 1980 propter
1112 1899 1263 1964 virtutem
1291 1902 1325 1963 et
1348 1916 1421 1980 pro·

242 2004 376 2068 bitatem
411 2005 508 2068 etiam
543 2022 609 2084 eos,
648 2023 727 2087 quos
763 2024 935 2087 numquam
969 2005 1118 2086 uidimus,
1156 2006 1293 2088 quodam
1327 2004 1423 2070 modo

242 2111 422 2192 diligamus.
454 2111 542 2202 quis
571 2116 623 2176 est
650 2112 705 2193 qui
733 2109 768 2176 G.
796 2112 944 2192 Fabricii,
980 2111 1033 2178 Μ’.
1063 2102 1153 2177 Curii
1179 2129 1244 2178 non
1272 2130 1342 2176 cum
1371 2130 1422 2176 ca·

243 2217 339 2282 ritate
366 2216 474 2299 aliqua
500 2216 655 2283 benevola
682 2207 867 2285 memoriam
895 2223 1040 2301 usurpet,
1070 2237 1151 2301 quos
1176 2237 1349 2301 numquam
1375 2219 1422 2282 vi·

243 2323 349 2389 derit?
394 2325 466 2406 quis
501 2328 608 2389 autem
643 2329 694 2391 eat
728 2327 783 2407 qui
817 2325 1025 2408 Tarquinium
1055 2324 1246 2408 Superbum,
1282 2327 1337 2408 qui
1366 2324 1420 2407 Sp.

244 2428 401 2512 Cassium,
437 2429 492 2512 Sp.
522 2417 676 2498 Maelium
704 2451 768 2498 non
796 2433 923 2498 oderit?
969 2451 1039 2498 cum
1068 2433 1191 2498 duobus
1219 2432 1352 2498 ducibus
1381 2433 1421 2497 de

242 2539 377 2620 imperio
411 2539 445 2602 in
473 2533 570 2602 Italia
604 2543 655 2603 est
689 2539 898 2625 decertatum,
934 2539 1055 2623 Pyrrho
1091 2545 1125 2604 et
1151 2540 1347 2620 Hannibale3
1371 2539 1422 2604 ab

242 2632 343 2710 altero
372 2649 505 2727 propter
532 2645 726 2726 probitatem
754 2645 823 2712 eius
851 2641 916 2712 uon
942 2647 1037 2713 nimis
1066 2649 1188 2734 alienus
1216 2648 1338 2713 animos
1365 2646 1421 2711 ha·

242 2752 366 2831 bemus,
407 2752 544 2817 alterum
586 2758 719 2834 propter
759 2753 981 2826 crudelitatem
1022 2773 1150 2836 semper
1190 2755 1268 2819 haec
1310 2754 1422 2819 civitas

168 2931 173 2937 ,
243 2845 357 2924 oderit.
1072 2851 1074 2853 ’

190 2936 224 3062 23
332 2954 453 3042 Quodsi
480 2967 645 3031 tartaris
673 2966 844 3048 probitatis
873 2972 933 3048 est,
962 2971 998 3031 ut
1026 2986 1095 3032 eam
1122 2968 1173 3033 vel
1201 2968 1312 3048 ineis,
1341 2985 1422 3049 quos

241 3091 413 3154 numquam
439 3072 589 3152 vidimus,
616 3072 677 3154 vel,
707 3073 793 3155 quod
819 3075 922 3140 maius
951 3080 1013 3159 est,
1042 3075 1076 3138 in
1103 3075 1196 3141 hoste
1225 3075 1321 3140 etiam
1350 3074 1419 3141 dili-

242 3197 364 3260 gamus,
401 3171 477 3261 quid
505 3180 620 3244 mirum
649 3171 719 3260 est,
746 3182 773 3245 si
801 3181 899 3246 animi
925 3181 1089 3247 hominum
1118 3186 1315 3262 moveantur,
1330 3230 1333 3236 .
1351 3199 1422 3246 cum

242 3304 363 3367 eorum,
399 3286 586 3368 quibuscum
621 3307 682 3354 usu
717 3272 876 3353 coniuncti
911 3306 983 3354 esse
1019 3295 1165 3370 possunt,
1201 3290 1353 3355 virtutem
1389 3291 1423 3352 et

242 3393 418 3458 bonitatem
446 3395 628 3476 perspicere
655 3383 851 3460 videantur?
889 3413 1080 3478 quamquam
1109 3394 1315 3461 confirmatur
1334 3412 1423 3460 amur

242 3503 276 3564 et
315 3499 468 3566 beneficio
511 3505 640 3583 accepto
682 3489 716 3566 et
757 3501 863 3567 studio
905 3507 1074 3584 perspecto
1117 3507 1150 3568 et
1192 3502 1422 3568 consuetudine

242 3605 401 3686 adiuncta,
439 3608 555 3689 quibus
590 3607 686 3673 rebus
722 3608 763 3672 ad
797 3607 887 3672 illum
923 3595 1078 3690 primum
1098 3596 1220 3675 motum
1257 3610 1355 3674 animi
1390 3613 1424 3674 et

242 3714 359 3778 amoris
387 3713 540 3780 adhibitis
568 3714 765 3781 admirabilis
794 3716 949 3798 quaedam
977 3716 1156 3782 exardescit
1180 3716 1422 3783 benevolentiae

242 3821 439 3901 magnitudo.
478 3841 572 3904 quam
601 3822 629 3887 si
657 3823 712 3904 qui
740 3826 855 3904 putant
882 3823 922 3887 ab
951 3822 1160 3888 inbecillitate
1189 3823 1357 3906 proficisci,
1386 3827 1423 3887 ut

243 3927 287 3993 sit
320 3946 385 4010 per,
413 3917 507 4010 quem
542 3929 747 4011 adsequatur,
784 3929 869 4011 quod
897 3921 1033 4012 quisque
1062 3931 1235 4011 desideret,
1270 3929 1423 3996 humilem

243 4053 319 4099 sane
354 4026 540 4118 relinquunt
574 4039 608 4100 et
634 4037 764 4101 minime
793 4055 995 4118 generosum,
1030 4042 1067 4102 ut
1093 4039 1140 4103 ita
1167 4039 1280 4119 dicam,
1316 4041 1422 4102 ortum

242 4142 411 4224 amicitiae,
449 4162 544 4225 quam
582 4161 620 4208 ex
656 4144 764 4225 inopia
801 4148 899 4227 atque
935 4145 1113 4227 indigentia
1139 4144 1257 4210 'natam
1298 4144 1420 4210 volunt.

243 4248 328 4328 quod
362 4250 391 4314 si
425 4250 471 4314 ita
507 4253 604 4331 esset,
639 4255 676 4314 ut
703 4251 840 4333 quisque
867 4252 1032 4316 minimum
1061 4270 1133 4318 esse
1160 4254 1194 4318 in
1223 4270 1258 4318 se
1285 4251 1422 4316 arbitra·
