3296 4754
241 605 281 682 2²2
628 616 664 668 u.
685 615 811 670 runnu
831 615 1023 670 orosaonrs

238 845 338 906 tatem
367 839 515 920 odorum,'
546 840 601 921 qui
628 824 825 906 adflarentur
853 859 891 906 ex
919 839 1062 921 floribus,
1096 846 1165 906 tum
1194 859 1267 924 eum
1294 831 1415 906 dixisse

237 949 348 1013 mirari
383 965 418 1012 se
452 965 515 1011 non
551 947 644 1011 modo
673 947 882 1028 diligentiam,
919 949 1101 1013 sedetiam
1130 949 1307 1013 sollertiam
1335 949 1415 1028 eius,

162 1052 164 1070 ¹
213 1065 256 1118 'a
285 1074 346 1137 quo
376 1059 486 1119 essent
513 1053 568 1118 illa
596 1053 741 1118 dimensa
769 1058 865 1136 atque
894 1055 1064 1136 discripta;
1094 1060 1127 1120 et
1147 1053 1264 1138 Cyrum
1283 1073 1415 1137 respon·

237 1163 341 1227 disse:
384 1149 513 1242 ‘atqui
552 1179 623 1242 ego
660 1161 748 1225 ista
783 1179 867 1254 sum
904 1163 1038 1226 omnia
1074 1162 1302 1241 dimensus;
1340 1163 1415 1227 mei

238 1273 335 1333 sunt
370 1267 549 1348 ordines,
585 1286 669 1332 mea
695 1269 946 1349 discriptio,
981 1269 1135 1333 multae
1164 1270 1288 1334 etiam
1316 1270 1415 1334 ista·

208 1375 321 1448 yrum
363 1375 552 1440 arborum
593 1393 678 1439 mea
714 1394 833 1440 manu
871 1380 966 1441 sunt
1003 1364 1143 1442 satae.'
1188 1381 1256 1441 tum
1293 1374 1414 1458 Lysan-

151 1477 152 1481 ’
238 1484 329 1547 drum
357 1485 535 1548 intuentem
564 1501 737 1564 purpuram
766 1483 848 1547 eius¹
863 1488 901 1547 et*
921 1483 1058 1548 nitorem
1084 1484 1227 1564 corporis
1251 1488 1415 1548 omatum-

238 1608 299 1672 que
327 1590 490 1654 Persicum
518 1589 618 1653 multo
647 1607 724 1676 auro
752 1589 927 1671 multisque
954 1573 1089 1672 gemmis
1118 1591 1255 1656 dixisse:
1289 1576 1415 1654 ‘recte

236 1715 330 1761 vero
366 1702 416 1775 te,
455 1694 565 1778 Cyre,
607 1695 770 1760 beatum
804 1695 973 1777 ferunt·
996 1698 1187 1778 quoniam
1220 1695 1413 1762 fortunae

184 1813 218 1864 oo
236 1810 332 1868 tuae
360 1804 494 1867 virtus
524 1803 744 1867 coniuncta
772 1791 858 1868 est'
896 1804 955 1868 hae
982 1804 1082 1885 igitur
1109 1802 1237 1869 fortuna
1256 1801 1320 1868 frui
1339 1804 1414 1868 licet

238 1911 379 1989 senibus,
414 1927 473 1974 nec
506 1914 596 1974 aetas
632 1910 777 1991 impedit,
813 1929 874 1992 quo
904 1911 1008 1974 minus
1038 1907 1071 1975 et
1099 1917 1276 1979 ceterarum
1305 1928 1412 1974 rerum

237 2023 270 2082 et
297 2018 330 2082 in
358 2017 470 2098 primis
499 2017 568 2098 agri
597 2017 720 2081 colendi
747 2017 854 2082 studia
880 2022 1045 2082 teneamus
1073 2018 1240 2099 usquead
1267 2018 1414 2082 ultimum

236 2131 364 2206 tempus
393 2124 578 2188 senectutis.
621 2123 664 2190 M.
694 2124 823 2205 quidem
841 2124 1006 2188 Valerium
1033 2111 1213 2189 Corvinum
1233 2125 1412 2204 accepimus

236 2232 277 2296 ad
304 2229 513 2296 centesimum
541 2249 658 2295 annum
684 2230 883 2312 perduxisse,
913 2249 983 2295 cum
1008 2236 1096 2296 esset
1121 2235 1192 2295 acta
1218 2233 1281 2296 iam
1307 2235 1414 2294 aetate

236 2339 270 2402 in
298 2339 384 2428 agris
413 2355 532 2419 eosque
561 2338 695 2416 coleret3
730 2339 819 2403 cuius
848 2339 933 2402 inter
960 2339 1097 2419 primum
1126 2344 1159 2402 et
1187 2343 1311 2402 sertum
1340 2355 1413 2402 con·

237 2447 376 2533 sulatum
405 2464 461 2510 sex
489 2450 522 2509 et
551 2446 763 2526 quadraginta
791 2446 866 2508 anni
893 2443 1118 2510 interfuerunt.
1165 2445 1221 2524 ita,
1258 2450 1412 2526 quantum

236 2555 376 2634 spatium
405 2555 521 2616 aetatis
550 2552 687 2616 maiores
716 2551 757 2616 ad
783 2553 958 2617 senectutis
983 2553 1111 2616 initium
1137 2569 1209 2616 esse
1233 2552 1427 2631 voluerunt,¹

237 2666 346 2726 tantus
381 2652 429 2723 iili
464 2659 574 2723 cursus
603 2658 757 2724 honorum
787 2656 857 2722 fuit.
905 2665 1001 2740 atque
1030 2659 1124 2722 huius
1153 2663 1295 2724 extrema
1322 2662 1412 2722 aetas

237 2768 297 2832 hoc
324 2767 449 2832 beatior
477 2784 571 2847 quam
600 2765 714 2844 media,
744 2766 829 2847 quod
857 2766 1059 2830 auctoritatis
1088 2765 1226 2830 habebat
1253 2765 1337 2847 plus,
1366 2765 1412 2829 la-

183 2876 215 2932 61
237 2874 324 2939 boris
359 2875 481 2952 minus;
516 2873 598 2953 apex
632 2877 682 2937 est
716 2877 823 2937 autem
857 2873 1032 2937 senectutis
1062 2872 1246 2936 auctoritas.
1294 2878 1424 2954 quanta¹

236 2983 268 3045 in
305 2981 340 3045 L.
378 2978 515 3044 Caecilio
550 2978 694 3054 Metello
734 2984 852 3061 quauta
887 2981 920 3044 in
956 2974 1000 3044 A.
1036 2979 1134 3044 Atilio
1170 2977 1332 3044 Calatino!
1379 2981 1425 3042 in·

236 3106 330 3170 quem
371 3087 451 3151 illud
488 3087 642 3167 elogium:
688 3069 805 3154 ‘hunc
844 3105 964 3151 unum
1005 3087 1205 3167 plurimae
1248 3103 1412 3151 consen·

235 3196 347 3258 tiunt
374 3198 520 3276 gentes
548 3193 691 3274 populi
724 3193 962 3274 primarium
990 3192 1124 3259 fuisse
1158 3183 1311 3258 virum'
1356 3210 1412 3256 no·

235 3308 303 3365 tum
331 3307 381 3366 est
407 3315 533 3364 carmen
558 3301 693 3364 incisum
720 3301 752 3364 in
772 3301 929 3381 sepulcro.
971 3301 1040 3365 iure
1060 3301 1160 3382 igitur
1178 3300 1294 3382 gravis,
1322 3300 1411 3364 cuius
1482 3365 1484 3370 .

236 3409 275 3472 de
311 3406 459 3472 laudibus
494 3409 634 3471 omnium
673 3411 760 3470 esset
796 3405 881 3471 fama
919 3409 1131 3473 consentiens.
1179 3426 1274 3489 quem
1309 3410 1412 3472 virum

235 3533 337 3596 nuper
373 3515 408 3578 P.
445 3502 607 3593 Crassum,
646 3511 827 3596 pontificem
865 3515 1047 3594 maximum,
1087 3533 1178 3596 quem
1217 3519 1331 3596 postea
1367 3513 1409 3577 M.

235 3620 401 3703 Lepidum,
443 3621 554 3686 eodem
597 3620 776 3685 sacerdotio
817 3622 1009 3702 praeditum,
1051 3621 1206 3688 vidimus!
1254 3622 1329 3702 quid
1371 3621 1410 3684 de

234 3729 332 3792 Paulo
370 3734 427 3792 aut
460 3726 609 3792 Africano
645 3727 758 3808 loquar
791 3733 856 3808 aut,
892 3733 928 3791 ut
963 3729 1025 3793 iam
1061 3734 1146 3808 ante,
1183 3729 1222 3794 de
1250 3728 1411 3793 Maximo?

235 3854 368 3917 purorum
397 3854 460 3899 non
486 3835 520 3898 in
550 3835 709 3899 sententia
735 3835 848 3914 solum,
878 3835 934 3899 sed
960 3838 1059 3900 etiam
1084 3836 1118 3899 in
1143 3841 1223 3900 nutu
1248 3834 1411 3901 residebat

234 3943 420 4007 auctoritas.
453 3941 550 4005 habet
570 3946 727 4020 senectus,
757 3941 912 4006 honorata
932 3942 1133 4023 praesertim,
1161 3947 1284 4008 tantam
1302 3933 1410 4006 aueto-

234 4051 374 4128 ritatem,
400 4054 436 4112 ut
462 4067 500 4112 ea
524 4049 625 4129 pluris
651 4048 695 4113 sit
719 4067 813 4130 quam
833 4067 942 4113 omnes
962 4049 1199 4116 adulescentiae
1218 4050 1408 4130 voluptates

178 4144 216 4269 ἑξ
236 4156 292 4219 sed
320 4157 353 4220 in
381 4157 467 4220 omni
495 4156 640 4220 oratione
668 4158 862 4220 mementote
890 4175 961 4220 eam
980 4174 1036 4222 me
1051 4161 1247 4222 senectutem
1268 4157 1409 4234 laudare,

201 4253 216 4268 ¹
235 4280 315 4342 quae
350 4261 565 4326 fundamentis
599 4262 835 4326 adulescentiae
870 4264 1045 4327 constituta
1081 4264 1132 4328 sit.
1180 4283 1218 4328 ex
1251 4284 1313 4347 quo
1343 4261 1410 4329 effi-
