3296 4754
551 457 710 521 talamus
729 465 780 520 DE
799 463 968 520 AMICITIA
987 464 1103 518 65-73.
1376 469 1418 534 55

181 716 185 723 ·
237 691 343 759 virum
363 691 504 774 omnino,
533 689 595 755 sibi
613 709 815 774 nequaquam
835 709 956 772 parem,
985 689 1070 772 quod
1088 689 1117 754 is
1136 689 1281 754 anteibat
1299 693 1418 769 aetate,

238 803 404 881 tamquam
446 797 646 879 superiorem
687 798 811 864 colebat
853 815 992 880 suosque
1030 814 1140 862 omues
1178 815 1236 878 per
1273 814 1308 861 se
1345 814 1419 862 esse

236 903 411 988 ampliores
446 903 584 970 volebat.
631 904 716 987 quod
747 903 927 971 faciendum
955 904 1209 986 imitandumque
1237 908 1287 969 est
1316 903 1418 968 omni·
1436 910 1472 966 50

237 1011 310 1093 bna,
339 1017 386 1094 ut,
414 1011 443 1077 si
471 1030 567 1094 quam
594 1012 827 1094 praestantiam
845 1011 987 1091 virtutis
1014 1011 1148 1093 ingenii,
1176 1009 1323 1076 fortunae
1343 1028 1418 1075 con·

237 1121 342 1185 secuti
378 1123 455 1198 sint,
490 1119 668 1201 inpertiant
701 1137 772 1184 eam
806 1119 874 1184 auis
908 1118 1205 1200 communicentque
1241 1136 1311 1182 cum
1344 1135 1418 1198 pro·
1472 1157 1474 1164 ι

237 1227 345 1307 ximis,
380 1232 427 1306 ut,
462 1225 500 1291 si·
525 1226 713 1307 parentibus
747 1225 816 1290 nati
850 1225 916 1290 sint
943 1223 1129 1306 humilibus,
1164 1225 1193 1289 si
1221 1225 1419 1306 propinquos

238 1333 381 1399 habeant
415 1332 615 1398 inbecilliora
649 1332 700 1398 vel
733 1332 839 1398 animo
874 1330 924 1398 vel
958 1331 1096 1412 foruna,
1134 1349 1245 1398 eorum
1280 1317 1420 1412 augeant

237 1457 318 1522 opes
348 1440 460 1524 eisque
488 1439 602 1505 honori
631 1439 697 1504 sint
724 1445 758 1505 et
786 1439 947 1521 dignitati.
996 1443 1030 1503 ut
1057 1438 1091 1503 in
1118 1436 1247 1519 fabulis,
1277 1439 1331 1521 qui
1359 1437 1419 1504 ali·

238 1547 393 1630 quamdiu
420 1551 553 1629 propter
580 1546 814 1635 ignorationem
842 1546 955 1627 stirpis
984 1551 1017 1611 et
1044 1546 1173 1627 generis
1200 1546 1234 1610 in
1262 1537 1440 1610 famulatu

237 1652 379 1735 fuerunt,
417 1671 488 1718 cum
525 1653 644 1736 cogniti
682 1658 757 1718 sunt
793 1658 826 1719 et
863 1658 920 1718 aut
955 1652 1087 1718 deorum
1122 1657 1178 1717 aut
1211 1670 1324 1734 regum
1361 1650 1419 1718 filii

237 1761 372 1842 inventi,
408 1761 550 1825 retfuent
584 1764 691 1826 tamen
726 1760 891 1826 caritatem
926 1760 960 1824 in
994 1763 1153 1841 pastores,
1192 1777 1271 1842 quos
1307 1763 1417 1841 patres

238 1869 358 1936 multos
386 1885 487 1933 annos
516 1885 589 1934 esse
617 1867 787 1932 duxerunt.
830 1866 915 1949 quod
943 1870 994 1932 est
1020 1866 1122 1931 multo
1149 1864 1292 1950 profecto
1312 1867 1417 1948 magis

238 1975 272 2040 in
307 1975 391 2040 veris
427 1974 572 2056 patribus
607 1974 767 2055 certisque
795 1971 984 2039 faciendum.
1030 1971 1152 2038 fructus
1182 1973 1267 2039 enim
1295 1973 1418 2056 ingenii
1517 2035 1519 2044 s

237 2087 272 2147 et
299 2083 430 2148 virtutis
459 2082 626 2162 omnisque
654 2081 871 2162 praestantiae
899 2084 967 2145 tum
995 2081 1153 2145 maximus
1182 2080 1316 2162 capitur,
1345 2098 1417 2146 cum

236 2189 273 2252 in
300 2189 480 2270 proximum
508 2206 666 2270 quemque
694 2185 866 2253 confertur.
1273 2258 1275 2268 ¹

328 2294 375 2359 Ut
402 2295 502 2377 igitur
529 2296 570 2372 ei,
604 2295 659 2377 qui
687 2298 762 2358 sunt
789 2295 823 2359 in
850 2294 1010 2359 amicitiae
1039 2294 1334 2376 coniunctionisque
1361 2313 1417 2360 ne·
1435 2259 1478 2386 ἓξ)

237 2401 435 2468 cessitudine
463 2402 657 2484 superiores,
685 2418 863 2483 exaequare
891 2419 926 2466 se
955 2420 1026 2467 cum
1053 2398 1259 2466 inferioribus
1288 2400 1418 2483 debent,
1485 2395 1486 2398 ’

237 2509 286 2575 sic
319 2506 489 2579 inferiores
524 2526 588 2573 non
623 2508 731 2573 dolere
758 2525 794 2573 se
822 2526 841 2572 a
869 2509 936 2573 suis
965 2512 1022 2573 aut
1048 2508 1178 2590 iugenio
1206 2511 1263 2572 aut
1289 2506 1418 2572 fortuna

236 2621 296 2681 aut
322 2615 480 2697 dignitate
500 2615 656 2697 superari.
700 2633 835 2697 quorum
854 2615 1000 2697 plerique
1018 2618 1076 2680 aut
1094 2618 1272 2697 queruntur
1290 2633 1419 2696 semper

236 2723 361 2804 aliquid
388 2728 445 2787 aut
473 2723 570 2788 etiam
599 2721 794 2805 exprobrant
821 2740 922 2804 ecque
940 2722 1064 2803 magis,
1085 2723 1122 2788 si
1148 2721 1267 2787 habere
1295 2741 1331 2786 se
1352 2715 1417 2804 'pu-

237 2833 320 2909 tant,
363 2830 447 2910 quod
489 2827 631 2895 officiose
673 2833 706 2894 et
745 2829 846 2894 amice
884 2834 917 2893 et
953 2847 1024 2895 cum
1059 2829 1169 2895 labore
1210 2829 1317 2910 aliquo
1359 2847 1417 2895 suo

237 2934 358 3000 factum
395 2941 513 3018 queant
548 2937 663 3001 dicere.
711 2936 858 3001 odiosum
886 2954 963 3001 sane
990 2954 1091 3018 genus
1119 2937 1284 3001 hominum
1312 2933 1418 3001 officia

238 3042 518 3124 exprobrantium
553 3061 634 3124 quae
668 3043 853 3108 meminisse
888 3042 984 3108 debet
1017 3043 1057 3122 is,
1092 3043 1127 3107 in
1162 3060 1256 3124 quem
1291 3043 1418 3108 conlata

237 3153 324 3230 sunt,
357 3167 422 3214 uon
451 3167 709 3230 commemorare,
738 3149 793 3230 qui
821 3150 963 3214 contulit.
1011 3168 1107 3231 quam
1135 3149 1176 3214 ob
1203 3168 1282 3229 rem,
1310 3155 1347 3215 ut
1375 3152 1416 3232 ei,
1435 3155 1471 3208 72

164 3279 170 3306 =
238 3257 293 3339 qui
331 3257 513 3339 superiores
549 3260 635 3337 sunt,
671 3257 872 3321 summittere
908 3274 942 3322 se
977 3255 1094 3322 debent
1122 3257 1155 3320 in
1183 3256 1334 3338 amicitia,
1371 3258 1418 3323 sic

237 3362 376 3446 quodam
410 3363 504 3430 modo
539 3361 708 3428 inferiores
744 3363 907 3428 extollere.
954 3368 1031 3428 sunt
1064 3364 1149 3428 enirn
1185 3364 1336 3446 quidam,
1361 3366 1416 3447 qui

237 3470 392 3536 molestas
430 3470 589 3536 amicitias
626 3469 757 3550 faciunt,
795 3487 866 3534 cum
902 3469 966 3552 ipsi
1004 3489 1038 3536 se
1080 3472 1240 3536 contemni
1282 3477 1416 3552 putant;

236 3576 325 3659 quod
359 3595 423 3642 non
456 3576 525 3642 fere
559 3578 716 3658 contingit
749 3577 813 3642 nisi
848 3578 906 3658 eia,
942 3577 998 3659 qui
1031 3578 1130 3643 etiam
1167 3579 1416 3645 contemnendos

237 3701 274 3749 se
302 3683 518 3764 arbitrantur3
547 3685 602 3768 qui
630 3684 690 3748 hac
717 3683 866 3765 opinione
894 3702 958 3749 non
981 3685 1075 3750 modo
1094 3683 1212 3765 verbis,
1242 3685 1417 3752 sedetiam

237 3808 335 3873 opere
369 3790 497 3856 levandi
532 3796 616 3857 sunt.
662 3795 789 3858 tantum
822 3795 930 3856 autern
957 3791 1071 3872 cuique
1098 3791 1314 3873 tribuendum,
1350 3793 1416 3876 pri·
1434 3795 1470 3846 73

237 3916 334 3978 mum,
371 3903 525 3981 quantum
558 3899 630 3980 ipse
663 3896 789 3963 efficere
817 3898 934 3979 poesie,
970 3898 1085 3964 deinde
1117 3899 1226 3980 etiam,
1260 3904 1415 3982 quantum

236 4005 303 4085 ille,
332 4024 427 4086 quern
455 4004 570 4086 diligas
599 4009 695 4088 atque
721 4005 864 4084 adiuves,
893 4005 1063 4070 sustinere.
1110 4007 1286 4072 nonenim
1311 4026 1415 4089 neque

236 4116 273 4177 tu
292 4112 410 4194 possis,
430 4113 574 4194 quamvis
594 4112 742 4193 excellas,
762 4130 873 4178 omnes
892 4116 964 4177 tuos
984 4111 1025 4177 ad
1044 4113 1181 4179 honores
1196 4114 1414 4196 amplissimos
