3296 4754
483 573 577 642 'onro
597 586 717 641 maroa
736 585 786 640 nn
805 583 1023 640 sannorum
1042 586 1157 640 na-aa.
1366 591 1404 650 11

233 829 348 876 munus
382 809 547 876 instruat?
587 829 650 892 quo
686 809 814 893 quidem
849 827 946 890 opere
975 808 1052 890 quid
1079 813 1188 890 potest
1215 827 1287 874 esse
1315 827 1407 890 prae-

234 917 374 984 elarius?
413 916 493 982 mihi
527 935 602 982 vero
639 921 673 982 et
707 915 763 981 Cn.
794 920 827 981 et
854 916 889 980 P.
919 914 1084 997 Scipiones
1120 920 1153 980 et
1179 917 1231 981 avi
1258 916 1307 980 tui
1335 916 1407 995 duo,
1463 925 1465 930 '

233 1026 269 1090 L.
298 1024 454 1090 Aemilius
482 1028 516 1090 et
542 1024 577 1088 P.
597 1022 776 1102 Africanus,
805 1022 958 1088 comitatu
984 1023 1138 1088 nobilium
1167 1023 1316 1088 iuvenum
1344 1020 1411 1088 for:

233 1132 340 1197 tunati
367 1131 567 1226 videbantur,
595 1150 655 1196 nec
682 1131 738 1197 ulli
766 1130 920 1195 bonarum
940 1131 1056 1195 artium
1075 1131 1222 1211 magistri
1241 1125 1304 1196 non
1323 1129 1410 1194 beati

235 1239 380 1320 putandi,
418 1239 562 1320 quamvis
599 1238 825 1304 consenuerint
858 1237 943 1302 vires
980 1241 1077 1318 atque
1115 1234 1300 1302 defecerint.
1347 1236 1410 1301 etsi

235 1347 299 1411 ista
326 1346 397 1426 ipsa
426 1344 562 1410 defectio
589 1346 706 1410 uirium
734 1345 970 1409 adulescentiae
997 1344 1086 1409 vitiis
1115 1342 1253 1408 efficitur
1280 1344 1409 1426 saepius

236 1471 330 1535 quam
360 1453 552 1532 senectutis3
580 1452 753 1518 libidinoso
780 1453 864 1516 enirn
893 1455 926 1515 et
952 1452 1170 1533 intemperans
1193 1451 1411 1516 adulescentia

238 1558 367 1625 effetum
402 1577 517 1640 corpus
551 1560 652 1624 tradit
687 1559 854 1625 senectuti.
902 1556 1004 1640 Cyrus
1033 1558 1161 1640 quidem
1190 1557 1275 1639 apud
1302 1557 1410 1622 Xeno·
1429 1577 1464 1626 30

236 1666 389 1748 phontem
424 1685 462 1732 eo
497 1684 654 1747 sermone,
690 1685 784 1748 quem
817 1665 957 1730 moriens
985 1665 1107 1745 habuit,
1143 1682 1213 1729 cum
1241 1663 1412 1729 admodum

237 1792 335 1839 senex
376 1777 473 1852 esset,
515 1779 612 1854 negat
649 1791 683 1838 se
720 1790 869 1854 nmquam
907 1772 1049 1838 sensisse
1086 1776 1283 1838 senectutem
1322 1789 1412 1836 suam

237 1880 477 1946 imbecilliorem
504 1878 631 1960 factam,
659 1899 753 1962 quam
782 1879 1000 1948 adulescentia
1026 1878 1152 1945 fuisset.
1197 1897 1255 1960 ego
1279 1879 1316 1944 L.
1344 1878 1411 1942 Me·

237 1987 349 2052 tellum
377 1987 508 2052 memini
535 2006 625 2069 puer,
654 1989 807 2070 quicum
837 1986 1045 2068 quadriennio
1073 1991 1148 2068 post
1175 1987 1311 2051 alterum
1339 2003 1412 2049 con-

238 2094 376 2160 sulatum
404 2092 550 2176 pontifex
577 2095 734 2160 maximus
761 2091 865 2159 factus
893 2097 991 2174 esset,
1018 2095 1132 2175 viginti
1161 2098 1195 2158 et
1212 2093 1293 2158 duos
1312 2110 1413 2157 annos

239 2203 270 2266 ei
298 2201 477 2267 sacerdotio
504 2200 654 2282 praefuit,
682 2203 728 2267 ita
756 2201 848 2266 bonis
874 2219 946 2266 essa
965 2201 1087 2266 viribus
1107 2205 1249 2265 extremo
1268 2205 1414 2279 tempore

243 2309 371 2389 aetatis,
404 2313 442 2374 ιιι
475 2308 723 2375 adulescentiam
757 2326 821 2373 non
855 2307 1045 2389 requireret.
1092 2307 1173 2374 nihil
1199 2317 1336 2371 'necesse
1365 2310 1415 2370 est

240 2415 318 2479 mibi
354 2414 394 2479 de
428 2419 484 2480 me'
514 2417 584 2496 ipso
620 2416 735 2494 dicere,
773 2433 963 2498 quamquam
1001 2419 1051 2479 est
1085 2414 1119 2480 id
1153 2415 1282 2496 quidem
1315 2414 1415 2478 senile

241 2522 404 2602 aetatique
438 2528 569 2588 nostrae
603 2523 796 2588 conceditur.
842 2521 1012 2600 videtisne,
1049 2525 1087 2585 ut
1120 2521 1206 2605 apud
1239 2520 1414 2585 Homerum
1433 2499 1475 2624 {f

241 2629 429 2710 saepissime
457 2629 575 2694 Nestor
603 2630 642 2695 de
669 2628 844 2694 virtutibus
872 2629 940 2692 suis
968 2628 1154 2708 praedicet?
1195 2628 1324 2692 tertiam
1352 2628 1415 2690 iam

243 2734 355 2820 [enim]
383 2741 523 2802 aetatem
550 2736 714 2801 hominum
741 2734 880 2815 ridebat,
915 2752 974 2799 nec
1002 2739 1072 2800 erat
1099 2735 1128 2800 ei
1156 2735 1341 2813 verendum,
1375 2753 1416 2798 na
1447 2727 1451 2746 '

240 2862 316 2908 vera
349 2843 537 2924 praedicans
572 2844 611 2909 de
646 2863 681 2910 se
716 2844 811 2907 nimis
845 2842 1009 2908 videretur
1036 2846 1092 2906 aut
1118 2842 1260 2907 insolens
1288 2846 1344 2906 aut
1370 2841 1416 2905 lo-

241 2968 334 3031 quax.
382 2951 510 3030 etenim,
545 2956 582 3014 ut
615 2951 662 3014 ait
695 2950 865 3028 Homerus
900 2936 958 3014 ‘en
994 2949 1082 3013 eius
1117 2949 1263 3030 lingua
1295 2948 1416 3013 melle

241 3057 404 3122 dulcior
432 3055 594 3122 fluebat
622 3056 776 3135 oratio',
806 3076 900 3139 quam
928 3056 969 3121 ad
997 3057 1189 3122 suavitatem
1216 3056 1313 3121 nullis
1342 3074 1416 3136 ege·

241 3164 297 3229 bat
331 3165 474 3244 eorporis
508 3163 641 3229 viribus.
688 3168 722 3228 et
755 3168 862 3228 mmcn
898 3163 961 3228 dun
995 3163 1050 3228 ille
1079 3161 1231 3228 Graeciae
1259 3181 1417 3244 nusquam

242 3275 343 3353 optat,
372 3278 409 3335 ut
426 3270 534 3336 Aiacis
562 3271 684 3336 similes
712 3269 830 3335 habeat
857 3271 978 3350 decem,
1007 3271 1064 3335 sed
1083 3275 1120 3335 ιιι
1138 3269 1303 3347 Nestoris;
1332 3269 1418 3350 qnod

242 3379 271 3442 si
299 3377 362 3442 sibi
387 3378 549 3457 acciderit,
583 3396 646 3443 non
675 3377 811 3457 dubitat,
847 3378 922 3459 quin
955 3376 1044 3441 brevi
1072 3378 1116 3443 sit
1143 3376 1238 3442 Troia
1265 3377 1417 3458 peritura.

243 3485 301 3550 sed
341 3484 436 3550 redeo
474 3485 515 3550 ad
551 3504 611 3550 me.
659 3491 808 3567 quartum
845 3503 904 3566 ago
946 3503 1063 3550 annum
1101 3490 1134 3549 et
1171 3485 1418 3566 octogesimum
1438 3499 1472 3550 32

242 3592 357 3657 vellem
386 3593 533 3674 equidem
560 3593 646 3657 idam
669 3610 797 3674 possem
817 3592 958 3674 gloriari,
988 3591 1072 3674 quod
1092 3589 1206 3674 Cyrus,
1235 3592 1293 3656 sed
1311 3597 1419 3656 tamen

243 3699 419 3780 hecquae
455 3699 571 3778 dicere,
605 3718 669 3765 non
703 3718 754 3764 me
790 3699 917 3780 quidem
954 3699 1001 3763 eis
1034 3717 1106 3764 esse
1133 3699 1267 3778 viribus,
1303 3696 1419 3780 quibus

244 3813 300 3871 aut
332 3805 424 3872 miles
452 3805 535 3870 bello
563 3806 682 3871 Punico
709 3810 767 3871 aut
795 3810 948 3888 quaestor
976 3806 1088 3871 eodem
1115 3805 1200 3870 bello
1228 3809 1284 3870 aut
1311 3803 1421 3869 consul

244 3914 278 3978 in
305 3913 463 3993 Hispania
496 3910 610 3978 luerim
645 3918 702 3978 aut
729 3913 938 3995 quadriennio
966 3917 1050 3996 post,
1085 3931 1156 3977 oum
1183 3912 1333 3979 tribunus
1361 3911 1420 3974 mi-

245 4020 348 4085 litaris
385 4020 565 4102 depugnavi
600 4021 685 4101 apud
720 4019 949 4102 Thermopylas
984 4020 1036 4084 Μ’.
1073 4018 1247 4086 Glabrione
1281 4017 1420 4094 consule,

247 4126 304 4192 sed
331 4132 449 4208 tamen,
478 4131 515 4192 ut
541 4144 598 4192 vos
626 4127 753 4207 videtis,
782 4145 846 4193 non
874 4128 967 4209 plone
995 4145 1046 4191 me
1073 4129 1247 4207 enervavit,
1275 4143 1339 4189 non
1366 4124 1421 4188 ad·

247 4233 329 4298 flixit
362 4238 527 4300 senectus:
564 4252 626 4298 non
661 4234 751 4300 curia
778 4235 863 4300 vires
890 4253 979 4300 meas
1008 4234 1180 4314 desiderat,
1216 4250 1279 4298 non
1306 4236 1422 4309 rostra,
