3296 4754
228 537 271 595 40
620 528 658 582 m.
677 527 802 584 runnu
821 527 1016 583 cressonis

227 760 260 818 et
294 754 450 820 secundas
478 772 531 818 res
559 752 793 836 splendidiores
821 751 898 818 lacit
924 753 1064 818 amicitia
1093 758 1127 818 et
1154 754 1307 822 adversas¹
1334 773 1407 836 par-

190 863 311 978 ⁷tiens
340 861 639 942 communicansque
667 860 814 926 leviores.
1137 947 1140 952 1

174 998 208 1048 23
317 966 460 1050 Cumque
473 1017 474 1022 η
488 968 641 1048 plurimas
656 971 704 1032 et
729 967 884 1032 maximas
910 967 1152 1033 commoditates
1171 967 1313 1033 amicitia
1331 987 1405 1034 con·

226 1077 338 1156 tincat,
373 1081 441 1140 tum
476 1075 532 1140 illa
566 1075 715 1140 nimirum
751 1078 895 1156 praestat
931 1073 1088 1154 omuibus,
1124 1074 1209 1156 quod
1236 1074 1320 1140 bona
1348 1094 1405 1157 spe

226 1183 389 1263 praelucet
422 1182 456 1247 in
490 1185 655 1263 posterum
690 1199 749 1247 uec
782 1181 945 1246 debilitari
973 1181 1096 1246 animos
1124 1186 1181 1246 aut
1208 1181 1322 1248 cadere
1349 1201 1405 1264 pa·

224 1291 315 1354 titur.
361 1308 472 1354 uerum
501 1290 585 1354 enim
614 1290 750 1354 amicum
779 1291 834 1370 qui
862 1289 1018 1371 intuetur,
1052 1293 1214 1370 tamquam
1243 1289 1407 1371 exemplar

224 1396 354 1480 aliquod
381 1397 526 1462 intuetur
553 1397 614 1461 sui.
657 1395 805 1478 quocirca
833 1399 867 1461 et
893 1395 1043 1461 absentes
1069 1395 1187 1461 adsunt
1212 1401 1246 1461 et
1270 1400 1404 1478 egentes

224 1503 388 1570 abundant
428 1509 463 1568 et
502 1503 644 1569 inbecilli
677 1503 786 1569 valent
821 1507 865 1578 ct,
907 1503 992 1584 quod
1028 1491 1190 1567 difficilius
1228 1502 1315 1568 dictu
1344 1508 1405 1583 est,

225 1613 343 1677 mortui
375 1611 503 1690 vivunt3
539 1614 649 1675 tantus
678 1628 733 1675 eos
760 1610 873 1690 honos,
907 1609 1072 1690 memoria,
1105 1609 1300 1699 desiderium
1329 1628 1402 1692 pro-

225 1721 372 1801 sequitur
399 1718 587 1783 amicorum!
630 1736 669 1781 cx
697 1734 759 1800 quo
787 1717 914 1781 illorum
942 1717 1037 1783 beata
1064 1734 1150 1782 mors
1178 1717 1316 1798 videtur,
1344 1718 1401 1784 ho·

223 1845 294 1890 rum
328 1825 395 1891 vita
428 1824 609 1890 laudabilis.
657 1823 772 1905 quodsi
807 1825 964 1888 exemeris
999 1843 1038 1888 cx
1072 1842 1179 1908 rerum
1207 1828 1321 1890 natura
1347 1824 1402 1890 be·

223 1932 425 2000 nevolentiae
460 1932 726 2011 coniunctionem,
763 1948 822 1996 nec
856 1931 972 1996 domus
1005 1929 1071 1994 ulla
1106 1949 1166 1996 nec
1201 1929 1278 1996 urbs
1316 1935 1403 1997 stare

219 2041 354 2121 poterit,
389 2058 430 2104 ne
457 2040 528 2120 agri
555 2038 684 2121 quidem
712 2037 817 2103 cultus
845 2038 1055 2118 permanebit.
1102 2038 1136 2102 id
1164 2040 1192 2103 si
1219 2038 1326 2104 miuus
1353 2039 1402 2103 in-

223 2146 398 2228 tellegitur,
433 2150 551 2228 quanta
579 2146 627 2211 vis
655 2144 815 2210 amicitiae
843 2135 1093 2228 concordiaeque
1122 2145 1175 2225 sit,
1211 2163 1249 2210 ex
1278 2145 1402 2212 dissen-

224 2253 368 2318 sionibus
401 2258 498 2334 atque
526 2272 564 2317 ex
593 2251 762 2317 discordiis
790 2253 929 2333 perspici
957 2247 1075 2333 potest.
1123 2269 1204 2334 quae
1233 2253 1317 2318 euim
1346 2253 1402 2318 do·

222 2379 304 2426 mus·
320 2366 385 2426 tam
415 2360 552 2440 stabilis,
581 2378 663 2442 quae
690 2364 756 2425 tam
782 2357 874 2422 firma
899 2359 1012 2425 civitas
1038 2363 1099 2440 est,
1129 2378 1210 2441 quae
1235 2377 1299 2424 non
1318 2360 1401 2426 odiis

223 2459 256 2532 et
292 2467 435 2532 discidiis
471 2465 617 2533 funditus
654 2467 760 2548 possit
796 2467 921 2531 everti?
966 2485 1005 2531 ex
1040 2484 1101 2549 quo
1138 2469 1291 2549 quantum
1325 2466 1401 2532 boni

169 2585 203 2636 24
222 2575 266 2640 sit
301 2575 334 2639 in
371 2575 522 2655 amicitia,
560 2573 694 2640 iudicari
729 2577 847 2655 potest.
894 2558 1140 2654 Agrigentinum
1178 2573 1319 2655 quidem·
1344 2573 1400 2639 do-

221 2687 306 2750 ctum
341 2681 499 2762 quendam
532 2683 636 2746 virum
664 2681 857 2746 carminibus
886 2679 1018 2746 Graecis
1045 2680 1252 2745 vaticinatum
1279 2678 1399 2760 ierunt,
1482 2693 1488 2704 ·

221 2807 302 2870 quae
342 2789 376 2853 in
413 2807 520 2853 rerum
557 2793 673 2854 natura
708 2792 841 2869 totoque
878 2786 995 2853 mundo
1033 2790 1217 2852 constarent
1255 2805 1400 2869 quaeque
1488 2810 1494 2816 ·

220 2900 434 2976 moverentur,
476 2914 515 2960 ea
555 2894 744 2961 contrahere
780 2895 963 2975 amicitiam,
1001 2895 1159 2975 dissipare
1195 2894 1397 2960 discordiam.

219 3007 316 3085 atque
350 3002 411 3068 hoc
442 3002 571 3084 quidem
601 3019 711 3067 omnes
739 3001 892 3066 mortales
921 3005 954 3066 et
981 3001 1174 3083 intellegunt
1201 3006 1235 3066 et
1261 3020 1297 3066 re
1324 3019 1398 3082 pro-

220 3111 306 3175 bant.
352 3111 473 3191 itaque,
516 3111 544 3174 si
586 3109 711 3190 quando
749 3109 879 3190 aliquod
915 3107 1054 3173 officium
1092 3109 1201 3173 extitit
1236 3108 1330 3172 amici
1365 3109 1399 3173 in

220 3217 370 3297 periculis
405 3221 462 3283 aut
495 3216 651 3281 adeundis
685 3219 741 3281 aut
775 3216 1054 3297 communicandis,
1090 3215 1162 3298 quis
1181 3218 1248 3280 est
1283 3215 1398 3299 quiid

220 3341 283 3388 non
311 3324 459 3389 maximis
487 3319 600 3388 efferat
625 3322 797 3389 laudibus?
839 3323 893 3405 qui
921 3323 1074 3394 clamores
1093 3327 1163 3388 tota
1181 3339 1278 3388 cavea
1297 3340 1400 3404 nuper

220 3431 253 3494 in
280 3431 419 3512 hospitis
448 3434 482 3498 et
508 3431 601 3496 amici
629 3430 693 3494 mci
719 3429 763 3494 M.
783 3429 912 3494 Pacuvii
940 3448 1021 3495 nova
1046 3428 1168 3495 fabulet
1211 3448 1282 3494 cum
1307 3431 1399 3510 iguo·

220 3541 326 3602 rante·
344 3557 432 3619 rege,
475 3543 548 3602 uter
581 3537 715 3603 Orestes
750 3537 847 3616 asset,
882 3531 1037 3622 Pylades
1071 3537 1220 3602 Orestem
1255 3555 1291 3601 so
1326 3553 1398 3602 esse

220 3644 349 3722 diceret,
385 3650 421 3708 ut
456 3662 513 3726 pro
548 3645 604 3709 illo
637 3648 817 3725 necaretur,
854 3641 986 3709 Orestes
1020 3647 1139 3724 autem,
1174 3644 1220 3709 ita
1252 3648 1289 3708 ut
1316 3647 1404 3730 erat,¹

219 3751 367 3816 Orestem
395 3770 430 3817 se
458 3771 531 3818 esse
558 3755 790 3833 perseveraret.
826 3754 950 3816 stantes
978 3751 1174 3833 plaudebant
1199 3752 1232 3815 in
1251 3769 1287 3815 re
1305 3749 1396 3829 ficta3

220 3858 296 3939 quid
323 3858 516 3924 arbitramur
542 3859 576 3923 iu
603 3878 680 3925 vera
706 3857 846 3924 facturos
872 3855 999 3923 fuisse?
1034 3855 1127 3923 facile
1146 3857 1309 3923 indicabat
1325 3858 1397 3938 ipsa

218 3970 333 4029 natura
366 3967 429 4030 vim
465 3983 565 4046 suam,
602 3985 674 4031 cum
701 3966 858 4045 homiues,
895 3965 980 4047 quod
1007 3963 1112 4031 iacere
1139 3965 1202 4048 ipsi
1217 3982 1293 4030 nou
1321 3982 1393 4046 pos·

219 4075 301 4150 sent,
329 4072 363 4136 id
391 4077 479 4139 recte
507 4070 577 4138 fieri
604 4073 637 4138 in
665 4073 767 4138 altero
795 4073 983 4138 iudicarent.
