3296 4754
488 599 581 656 CATO
601 599 721 654 MAIOR
741 600 790 654 DE
810 599 1027 655 SENECTUTE
1047 599 1126 668 3-8.
1376 605 1393 666 3

221 830 282 905 est,
317 843 387 890 cum
423 828 547 888 ceterae
582 828 691 905 partes
726 825 842 888 aetatis
870 822 950 888 bene
979 822 1151 904 discriptae
1180 824 1255 903 siut,
1291 826 1396 887 extre-

220 951 307 996 mum
342 935 448 996 actum
483 934 644 1012 tamquam
680 933 719 997 ab
754 931 853 995 inerti
880 934 976 1011 poeta
1003 948 1075 995 esse
1103 929 1293 1012 neglectum.
1341 929 1398 995 sed

220 1043 329 1104 tamen
363 1044 495 1104 necesse
530 1035 591 1102 fuit
625 1056 697 1104 esse
732 1037 853 1119 aliquid
888 1041 1065 1130 extremum
1100 1042 1134 1102 et
1169 1041 1330 1119 tamquam
1365 1037 1398 1102 in

221 1146 371 1211 arborum
400 1145 487 1210 bacis
512 1147 681 1226 terraeque
707 1142 863 1224 fructibus
890 1144 1077 1209 maturitate
1095 1145 1289 1225 tempestiva
1307 1145 1399 1226 quasi
1457 1192 1462 1199 .
1502 1133 1506 1138 ’

220 1254 342 1317 vietum
381 1255 417 1317 et
453 1252 616 1332 caducum,
659 1252 744 1333 quod
780 1249 946 1316 ferendum
984 1255 1035 1316 est
1072 1251 1212 1316 molliter
1251 1251 1398 1333 sapienti.

222 1361 299 1441 quid
334 1363 385 1424 est
417 1360 500 1423 enim
535 1358 623 1424 aliud
657 1357 829 1441 Gigantum
864 1359 958 1424 modo
994 1358 1113 1424 bellare
1147 1376 1219 1423 cum
1252 1358 1303 1424 dis
1337 1358 1400 1423 nisi

222 1470 358 1531 naturae
385 1466 589 1548 repugnare?
624 1452 626 1460 ’
975 1536 978 1546 Κ

311 1571 502 1637 LAELIUS.
544 1570 654 1654 Atqui,
683 1570 773 1652 Cato,
802 1572 1021 1654 gratissimum
1039 1572 1143 1652 nobis,
1172 1576 1209 1658 ut
1227 1573 1323 1637 etiam
1343 1591 1400 1653 pro
1419 1583 1435 1633 6

224 1678 372 1760 Scipione
409 1679 570 1761 pollicear,
612 1677 753 1760 feceris·
775 1679 814 1759 si,
854 1680 1003 1762 quoniam
1040 1697 1217 1760 speramus,
1254 1679 1401 1744 volumus

223 1786 355 1868 quidem
383 1791 470 1851 certe
498 1804 592 1851 senes
619 1785 700 1866 fieri,
728 1787 828 1851 multo
857 1792 931 1851 ante
950 1804 969 1850 a
987 1792 1021 1851 te
1040 1786 1256 1866 didicerimus,
1285 1786 1401 1868 quibus

223 1892 373 1960 facillime
408 1893 587 1959 rationibus
621 1893 896 1974 ingravescentem
931 1896 1071 1958 aetatem
1107 1891 1192 1958 ferre
1228 1895 1398 1974 possimus.

315 1999 435 2066 CATO.
481 2001 608 2066 Faciam
645 2017 731 2080 vero,
768 2000 867 2080 Laeli,
905 2001 1097 2081 praesertim
1135 2001 1163 2065 si
1190 2001 1319 2082 utrique
1347 2019 1401 2090 ves

226 2114 339 2188 strum,
369 2112 407 2172 ut
434 2107 525 2188 dicis,
554 2112 680 2188 gratum
708 2105 850 2172 futurum
880 2112 940 2172 est.

314 2213 505 2280 LAELIUS.
548 2215 704 2279 Volumus
724 2233 811 2294 sane,
840 2214 903 2279 nisi
922 2215 1093 2281 molestum
1112 2218 1173 2293 est,
1203 2213 1292 2295 Octo,
1321 2218 1401 2279 tam-

226 2341 320 2404 quam
354 2322 482 2404 longam
517 2322 656 2402 aliquam
690 2320 779 2386 viam'
809 2319 994 2401 confeceris,
1032 2339 1127 2403 quam
1155 2321 1247 2387 uobis
1276 2339 1402 2404 quoque

225 2429 469 2511 ingrediendum
497 2429 551 2509 sit,
579 2429 673 2506 istuc,
703 2445 764 2510 quo
793 2429 979 2508 pervenisti,
1007 2429 1116 2494 videre
1145 2428 1239 2511 quale
1267 2429 1320 2494 sit.

316 2534 435 2602 CATO.
482 2535 620 2615 Faciam,
654 2539 691 2600 ut
725 2539 848 2616 potero,
883 2534 982 2600 Laeli.
1029 2553 1126 2617 saepe
1159 2536 1244 2600 euim
1271 2506 1441 2631 interfui}3

228 2643 367 2724 querelis
403 2643 585 2724 aequalium
621 2660 765 2708 meorum
802 2643 910 2724 (pares
947 2645 1055 2706 autern
1091 2647 1200 2708 vetere
1234 2642 1403 2724 proverbio
1512 2662 1515 2671 ¹

228 2754 299 2814 cum
327 2749 459 2830 paribus
487 2747 637 2814 facillime
665 2747 927 2832 congregantur),
957 2767 1038 2831 quae
1067 2746 1101 2814 O.
1123 2747 1292 2830 Salinator,
1322 2767 1403 2831 quae

227 2855 282 2937 Sp.
311 2855 457 2935 Albinus,
485 2856 631 2922 homines
659 2856 853 2936 consulares,
881 2857 986 2922 nostri
1013 2853 1081 2921 fere
1106 2857 1268 2938 aequales,
1295 2857 1404 2939 deplo-

227 2981 300 3028 rare
336 2962 491 3042 solebant,
523 2968 592 3028 tum
625 2964 710 3046 quod
741 2963 960 3044 voluptatibus
993 2967 1147 3042 carerent,
1188 2966 1257 3028 sine
1290 2964 1404 3046 quibus

228 3071 326 3135 vitam
346 3070 466 3134 nullam
485 3074 646 3150 putarent,
672 3075 740 3135 tum
761 3071 845 3152 quod
866 3074 1095 3151 spernerentur
1113 3069 1153 3134 ab
1173 3071 1230 3150 eiS,
1250 3089 1269 3134 a
1289 3070 1405 3152 quibus

230 3180 340 3242 essent
365 3177 425 3242 coli
452 3177 550 3242 soliti.
595 3177 650 3259 qui
677 3176 756 3241 mihi
782 3195 845 3241 non
872 3176 906 3241 id
924 3177 1115 3242 videbantur
1133 3194 1293 3258 accusare,
1321 3176 1406 3260 quod

230 3288 317 3348 esset
342 3282 564 3349 accusandum.
602 3302 674 3348 nam
694 3285 723 3349 si
741 3283 775 3348 id
794 3283 887 3364 culpa
905 3285 1080 3349 senectutis
1100 3284 1269 3364 accideret,
1295 3285 1406 3349 eadem

230 3390 309 3454 mibi
335 3409 396 3455 usu
414 3391 562 3456 venirent
579 3391 776 3472 reliquisque
796 3391 943 3456 omnibus
962 3391 1137 3457 maioribus
1156 3395 1244 3470 natu,
1272 3409 1406 3473 quorum

231 3515 290 3579 ego
327 3498 507 3563 multorum¹
538 3499 670 3578 cognovi
707 3501 906 3562 senectutem
938 3499 1007 3563 sine
1041 3497 1181 3580 querela,
1219 3498 1274 3580 qui
1306 3517 1341 3564 se
1375 3504 1408 3562 et

230 3605 399 3671 libidinum
426 3605 561 3670 vinculis
587 3606 710 3670 laxatos
736 3622 806 3669 esse
832 3621 897 3669 non
921 3605 1057 3671 moleste
1082 3604 1205 3670 ferrent
1224 3624 1282 3670 nec
1302 3625 1320 3670 a
1340 3606 1407 3671 suis

232 3712 483 3795 despicerentur.
535 3711 593 3777 sed
625 3711 765 3776 omnium
797 3712 894 3779 istius
926 3712 1013 3777 modi
1047 3713 1248 3794 querelarum
1279 3713 1312 3777 in
1340 3730 1407 3778 mo·

169 3839 173 3846 ·
232 3820 321 3884 ribus
348 3823 399 3884 est
424 3819 526 3899 culpa,
552 3836 617 3910 non
642 3820 675 3882 in
698 3822 814 3884 aetate.
853 3819 1010 3884 moderati
1029 3820 1113 3883 enim
1134 3823 1167 3884 et
1185 3838 1243 3884 nec
1262 3818 1408 3885 difficiles

233 3945 290 3990 nec
315 3926 481 3991 inhumani
507 3943 600 3990 senes
619 3925 820 3991 tolerabilem
839 3931 1037 3992 senectutem
1056 3930 1166 4008 agunt,
1192 3929 1407 4010 inportunitas

234 4038 341 4097 autem
367 4035 401 4097 et
425 4033 642 4098 inhumanitas
668 4034 754 4098 omni
780 4034 879 4099 aetati
904 4035 1041 4100 molesta
1066 4038 1126 4099 est.

323 4137 515 4205 LAELIUS.
563 4139 633 4220 Est,
660 4144 696 4205 ut
714 4140 805 4220 dicis,
825 4139 923 4225 Gat03
952 4142 1009 4207 sed
1028 4139 1166 4206 fortasse
1186 4142 1303 4207 dixerit
1322 4141 1444 4222 quis-a

235 4245 320 4326 piam
348 4247 408 4311 tibi
436 4251 569 4328 propter
596 4263 673 4328 opes
702 4251 735 4312 et
763 4249 870 4329 copias
899 4252 932 4312 et
959 4249 1149 4331 dignitatem
1177 4253 1265 4312 tuam
1293 4248 1409 4313 tolera·
1477 4231 1479 4236 ¹

1219 4381 1250 4432 1*
