3296 4754
540 717 697 774 LAELIUS
717 719 767 772 DE
786 671 953 777 nidorum
971 720 1087 780 lt-oa
1358 729 1400 789 49
1493 777 1498 785 .

224 943 307 1008 nihil
335 947 386 1009 est
413 943 498 1009 euim
526 945 786 1009 remuneratione
803 943 1055 1030 benevolentiae,
1084 945 1164 1010 nihil
1183 945 1404 1012 vicissitudine

225 1050 407 1116 studiorum
443 1049 683 1133 officiorumque
711 1051 890 1116 iucundius.
938 1051 1024 1133 quid,
1061 1053 1089 1117 si
1115 1052 1195 1118 illud
1223 1055 1320 1119 etiam
1348 1054 1457 1122 adso

222 1157 342 1239 dimus,
378 1158 463 1240 quod
497 1161 584 1223 recte
619 1157 707 1223 addi
728 1141 850 1240 potest,
882 1157 1063 1224 nihilesse
1091 1161 1244 1240 quodad
1272 1177 1403 1226 serem
1487 1211 1489 1220 ,

224 1264 323 1330 ullam
350 1268 416 1330 tam
444 1263 574 1332 adliciat
601 1268 635 1329 et
661 1264 812 1331 adtrahat
840 1283 936 1347 quam
954 1265 995 1330 ad
1013 1266 1185 1335 amicitiam
1204 1267 1404 1334 similitudo?
1487 1314 1489 1322 ·

223 1371 417 1437 concedetur
450 1369 594 1453 profecto
630 1381 741 1436 ‘verum
770 1390 853 1453 esse,
888 1377 925 1437 ut
952 1371 1064 1438 bonos·
1081 1372 1157 1437 boni
1184 1373 1321 1456 diligant
1347 1375 1403 1441 ad·

223 1478 427 1560 adstantque
462 1477 524 1543 sibi
552 1479 644 1560 quasi
672 1479 912 1562 propinquitate
940 1479 1125 1545 coniunctos
1153 1485 1260 1562 atque¹
1276 1487 1401 1547 natura.

224 1585 304 1650 nihil
339 1590 389 1650 est
424 1569 508 1650 enim
543 1585 748 1667 adpetendus
783 1586 935 1652 similium
966 1587 1021 1652 sui
1048 1604 1107 1651 nee
1133 1589 1279 1669 rapacius
1308 1607 1402 1670 quam

224 1697 350 1758 natura.
381 1710 476 1774 quam
504 1693 544 1758 ob
572 1711 640 1757 rem
659 1692 719 1758 hoc
738 1693 876 1775 quidem,
904 1693 1007 1758 Fanni
1026 1699 1059 1758 ct
1077 1692 1237 1775 Scaevola,
1266 1701 1402 1776 constet,
1465 1777 1468 1786 Ἰ

224 1802 262 1863 ut
289 1800 412 1881 opinor,
440 1798 533 1865 bonis
560 1801 646 1864 iuter
673 1799 774 1866 bonos
795 1800 887 1882 quasi
905 1801 1117 1866 neeessariam
1136 1801 1400 1882 benevolentiam,

225 1905 282 1986 qui
316 1911 367 1972 est
394 1906 553 1972 amicitiae
581 1904 652 1972 fons
681 1926 700 1972 a
722 1912 842 1973 natura
869 1908 1073 1974 constitutus
1121 1908 1179 1974 sed
1207 1909 1317 1974 eadem
1345 1909 1401 1974 bo-

223 2012 309 2078 uitas
344 2013 441 2078 etiam
475 2013 516 2078 ad
549 2014 787 2078 multitudinem
822 2014 972 2096 pertinet.
1019 2031 1081 2080 non
1110 2017 1203 2080 'enim
1231 2022 1282 2081 est
1308 2016 1401 2081 inhu-

224 2137 318 2184 mana
351 2121 454 2185 virtus
488 2139 596 2202 neque
625 2121 766 2188 inmunis
794 2139 898 2203 neque
926 2121 1074 2202 superba,
1110 2139 1191 2204 quae
1220 2125 1317 2198 etiam
1344 2140 1401 2204 po

224 2226 318 2308 pulos
352 2228 518 2292 universos
553 2229 638 2292 tueri
673 2229 784 2310 eisque
819 2229 940 2310 optime
967 2229 1134 2295 consulere
1162 2229 1280 2308 soleat3
1317 2231 1401 2312 quod
1439 2229 1441 2232 ’

193 2323 289 2398 'nou
321 2331 441 2398 iaceret
475 2332 629 2416 profecto,
665 2335 693 2400 si
727 2355 746 2400 a
780 2338 914 2400 caritate
946 2335 1033 2416 vulgi
1060 2335 1257 2402 abhorreret.
1304 2343 1452 2419 atquem

225 2439 324 2504 etiam
352 2440 432 2505 mihi
460 2440 589 2522 quidem
608 2441 767 2520 videntur,
796 2443 851 2524 qui
870 2441 1046 2540 utilitatum
1065 2461 1161 2509 causa
1179 2441 1305 2524 fingunt
1322 2445 1401 2508 ami·

223 2547 328 2628 citius,
355 2547 620 2614 amabilissimum
647 2549 764 2615 nodum
792 2549 951 2614 amicitiae
979 2549 1102 2620 tollere.
1144 2569 1208 2616 non
1232 2551 1316 2615 enim
1335 2555 1401 2615 tam
1509 2576 1513 2584 κ

225 2653 349 2722 utilitas
383 2659 477 2736 parta
510 2674 568 2736 per
601 2657 737 2721 amicum
773 2674 867 2738 quam
901 2657 994 2722 amici
1029 2675 1118 2723 amor
1154 2658 1224 2739 ipse
1261 2658 1401 2724 delectat

224 2765 357 2842 tumque
391 2762 471 2827 illud
505 2761 552 2844 fit,
588 2763 671 2845 quod
707 2763 746 2828 ab
781 2765 882 2829 amico
917 2769 968 2828 est
992 2764 1188 2844 ,profectum
1217 2765 1400 2844 ineundum,

192 2911 196 2924 .
224 2868 254 2932 si
281 2886 351 2932 eum
380 2869 487 2959 studio
516 2875 567 2935 est
594 2869 789 2951 profectum
824 2875 1013 2952 tantumque
1040 2871 1142 2950 abest,
1178 2877 1214 2936 ut
1241 2872 1408 2939 amicitiae
1520 2903 1522 2911 v

225 2977 357 3054 propter
392 2974 603 3056 indigentiam
641 2977 795 3056 colantur,
837 2982 874 3042 ut
910 2979 950 3056 ei,
986 2979 1041 3059 qui
1078 2978 1193 3061 opibus
1230 2984 1264 3043 et
1300 2979 1400 3061 copiis

222 3081 423 3163 maximeque
457 3083 587 3162 virtute,
622 3084 654 3147 in
691 3102 753 3165 qua
787 3084 958 3164 plurimum
994 3090 1045 3150 est
1072 3086 1235 3166 praesidii,
1271 3085 1400 3152 minime

222 3187 356 3253 alterius
384 3189 559 3271 indigeant,
587 3189 806 3256 liberalissimi
834 3190 900 3254 sint
918 3195 951 3256 et
969 3190 1260 3258 beneficentissimi.
1303 3198 1400 3275 atque

224 3293 309 3359 haud
344 3296 442 3360 sciam
476 3316 516 3361 an
551 3315 591 3362 ne
627 3315 706 3379 opus
743 3297 787 3362 sit
821 3297 950 3378 quidem
984 3299 1064 3363 nihil
1093 3319 1242 3383 umquam
1271 3301 1398 3366 omnino

223 3401 336 3468 deesse
364 3403 486 3469 amieis.
521 3404 575 3469 ubi
604 3407 688 3469 enim
708 3404 815 3470 studia
833 3408 943 3471 nostra
962 3404 1151 3487 viguissent,
1181 3409 1209 3473 si
1226 3418 1399 3489 numquam

221 3509 366 3589 consilio,
395 3529 566 3593 numquam
595 3529 692 3592 opera
719 3518 830 3576 nostra
857 3531 915 3577 nec
943 3513 1028 3578 domi
1056 3532 1114 3578 nec
1139 3514 1272 3579 militiae
1292 3513 1398 3596 Scipio

219 3616 389 3697 eguisset?
416 3636 480 3682 non
507 3618 607 3700 igitur
634 3619 807 3684 utilitatem
827 3620 977 3698 amicitia,
1006 3620 1063 3686 sed
1083 3621 1207 3687 utilitas
1225 3623 1398 3688 amicitiam

223 3728 335 3788 secuta
361 3730 432 3805 est,

311 3829 383 3895 Non
411 3849 487 3912 ergo
516 3837 610 3896 erunt
637 3831 783 3898 homines
811 3833 935 3898 deliciis
963 3831 1147 3901 diffluentes
1175 3836 1336 3915 audiendi,
1370 3837 1398 3900 si

221 3938 349 4018 quaudo
377 3938 416 4002 de
444 3938 594 4018 amicitia,
624 3957 718 4020 quarn
746 3957 805 4006 nec
831 3958 892 4010 usu
920 3958 978 4004 nec
1005 3943 1129 4007 ratione
1152 3943 1271 4008 habent
1290 3944 1396 4024 cogui-

222 4047 300 4124 tam,
335 4044 554 4125 disputabunt.
601 4064 674 4110 nam
709 4047 780 4128 quis
816 4052 876 4126 est,
912 4065 970 4128 pro
1005 4049 1136 4114 deorum
1170 4049 1266 4114 fidem
1299 4055 1396 4132 atque

222 4149 400 4217 hominum!
448 4153 503 4234 qni
537 4153 625 4232 velit,
660 4159 697 4218 ut
731 4172 834 4237 neque
869 4154 983 4236 diligat
1017 4174 1207 4238 quemqnam
1241 4174 1300 4221 nee
1326 4158 1397 4238 ipse

221 4253 263 4322 ab
290 4258 355 4323 ullo
374 4258 535 4340 diligatur,
563 4259 781 4326 circumfluere
801 4261 947 4326 omnibus
967 4263 1067 4344 copiis
1087 4268 1182 4346 atque
1202 4264 1235 4328 in
1255 4265 1396 4329 omnium

221 4382 328 4429 rernm
364 4366 558 4430 abundantia
594 4368 725 4432 vivere?
769 4369 848 4433 haec
883 4370 967 4433 euim
1005 4378 1056 4434 est
1092 4379 1298 4453 tyrannorum
1332 4372 1397 4439 vita

275 4486 383 4526 Ciceroni·
398 4488 448 4528 Cato
462 4489 532 4528 Maior
546 4496 568 4529 et
582 4492 677 4530 leelina.
1201 4508 1217 4554 4

1418 3810 1457 3864 15

1417 3884 1450 3934 52
