3296 4754
238 583 258 641 8
490 625 492 632 ,
630 575 670 631 Μ.
688 573 812 630 TULLII
831 573 1024 629 CICERONIS

202 828 204 832 ’
237 803 323 878 runt,
351 803 388 863 ut
416 802 501 879 sunt,
530 797 576 863 sic
601 797 699 895 etiam
724 799 928 863 nominantur
954 816 1057 863 senes.
1096 798 1211 880 quodsi
1229 798 1337 880 legere
1356 802 1413 863 aut

237 905 348 970 audire
374 905 489 971 voletis
515 909 657 985 externa,
683 906 837 971 maximas
861 924 913 972 res
933 905 1076 988 publicas
1095 905 1135 970 ab
1153 905 1412 971 adulescentibus

165 1001 167 1008 ’
196 1018 199 1025 ’
236 1011 454 1092 labefactatas,
480 1031 499 1077 a
524 1012 655 1077 senibus
682 1016 879 1078 sustentatas
906 1017 940 1078 et
964 1012 1133 1078 restitutas
1160 1013 1339 1094 reperietis.

327 1119 434 1199 cedo,
464 1123 530 1201 qut
556 1123 735 1184 vestram
760 1138 841 1184 rem
867 1118 1069 1200 publicam
1097 1123 1253 1184 tantam
1279 1119 1412 1184 amisi-

908 1298 917 1315 ,
1003 1228 1082 1292 stis
1110 1218 1188 1292 trim
1217 1227 1324 1291 cito?

238 1335 285 1401 sie
317 1333 401 1398 enim
434 1337 615 1414 percontor,
648 1337 686 1397 ut
718 1333 828 1398 estin
855 1331 969 1398 Naevii
996 1337 1110 1415 poetae
1138 1332 1246 1414 Ludo;
1279 1351 1411 1414 respon·

240 1441 357 1506 dentur
382 1441 504 1505 etalio
530 1445 562 1505 et
587 1440 647 1505 hoe
671 1440 704 1503 in
730 1439 859 1520 primis:

283 1547 583 1628 proveniebant
602 1548 792 1613 oratores
811 1550 914 1626 novt,
944 1548 1068 1612 stulti
1087 1546 1409 1613 adulescentuli.

215 1661 218 1686 ¹
238 1655 404 1720 temeritas
433 1659 484 1719 est
510 1655 658 1740 uidelicet
683 1653 827 1719 florentis
852 1655 980 1734 aetatis,
1008 1655 1179 1736 prudentia
1204 1655 1410 1720 senescentis.

185 1733 219 1858 ᾖ
328 1765 371 1826 At
407 1762 560 1841 memoria
596 1762 761 1826 minuitur.
810 1761 915 1840 credo,
952 1761 1015 1826 nisi
1052 1780 1123 1827 earn
1159 1780 1319 1846 exerceas,
1356 1767 1412 1826 aut

239 1869 335 1934 etiam
374 1868 402 1933 si
440 1869 485 1934 sis
517 1873 632 1933 natura
664 1867 795 1934 tardior.
851 1867 1083 1934 Themistocles
1120 1869 1261 1934 omnium
1297 1869 1412 1934 civium

239 1979 427 2058 perceperat
462 1977 607 2054 nomina3
650 1994 726 2040 num
761 1975 863 2056 igitur
898 1975 1037 2041 censetis
1069 1994 1158 2056 eum,
1199 1994 1270 2040 cunr
1307 1980 1412 2045 aetate

238 2083 460 2163 processisset,
498 2083 552 2164 qui
579 2082 739 2148 Aristides
775 2086 872 2161 esset,
907 2082 1129 2164 Lysimachum
1165 2083 1304 2148 salutare
1337 2083 1412 2147 soli·

238 2191 330 2253 turn?
375 2189 524 2270 equidem
558 2208 622 2254 non
656 2188 750 2254 modo
786 2207 841 2254 eos
876 2190 959 2269 novi,
998 2191 1053 2271 qui
1089 2193 1174 2268 sunt,
1210 2189 1268 2257 sed
1302 2207 1411 2254 eorum

238 2299 347 2376 patres
376 2297 473 2361 etiam
502 2300 534 2361 et
562 2314 649 2376 avos,
678 2314 737 2360 nec
762 2295 908 2376 sepulcra
926 2297 1036 2378 legens
1055 2315 1179 2377 vereor,
1208 2296 1293 2378 quod
1310 2298 1410 2375 aiunt,

239 2421 279 2466 ne
306 2403 490 2468 memoriam
519 2404 668 2484 perdam3
696 2385 747 2468 his
775 2403 860 2468 enim
888 2404 969 2484 ipsis
996 2404 1141 2485 legendis
1168 2405 1202 2469 in
1225 2405 1410 2469 memoriam

238 2509 334 2574 redeo
363 2514 571 2575 mortuorum.
611 2529 670 2575 neo
696 2529 771 2576 vero
800 2529 991 2592 quemquam
1010 2493 1119 2576 senem
1138 2511 1246 2577 audivi
1265 2511 1410 2590 oblitum,

239 2633 300 2698 quo
328 2617 396 2680 loeo
424 2616 611 2682 thesaurum
640 2617 817 2695 obruisset;
854 2618 970 2699 omnia,
1000 2636 1081 2700 quae
1109 2622 1230 2698 curant,
1259 2619 1411 2683 memine-

177 2722 219 2780 '22
237 2726 322 2801 runt,
351 2723 532 2788 vadimonia
559 2724 743 2804 constituta,
772 2725 845 2806 quis
871 2724 944 2805 sibi,
973 2726 1024 2789 cui
1042 2725 1106 2806 ipsi
1125 2724 1272 2790 debeant.
1311 2724 1411 2806 quid?

237 2831 317 2894 iuris
346 2830 493 2909 consulti,
523 2830 622 2911 quid?
655 2829 833 2912 pontifices,
863 2831 962 2913 quid?
995 2851 1144 2913 augures,¹
1174 2832 1272 2914 quid?
1307 2832 1410 2913 philo·

159 2946 162 2952 ’
238 2935 331 3016 sophi
359 2953 452 3001 senes
480 2955 575 3019 quam
598 2938 699 3002 multa
716 2939 945 3005 memineruntl
974 2943 1105 3005 manent
1122 2939 1251 3020 ingenia
1270 2939 1410 3019 senibus,

237 3042 331 3107 modo
365 3048 552 3122 permaneat
585 3045 726 3110 studium
762 3049 794 3110 et
828 3046 997 3126 industria,
1032 3065 1136 3129 neque
1171 3065 1209 3112 ea
1243 3047 1345 3112 solum
1377 3047 1410 3109 in

238 3149 331 3214 elaris
360 3154 393 3214 et
420 3151 584 3216 honoratis
611 3152 700 3232 virio,
730 3153 848 3218 sedin
875 3155 942 3218 vita
969 3155 1066 3219 etiam
1094 3155 1219 3235 privata
1238 3157 1271 3218 ct
1290 3153 1408 3234 quieta.

238 3254 413 3337 Sophocles
453 3257 494 3324 ad
535 3277 690 3323 summam
732 3264 930 3325 senectutem
971 3261 1154 3342 tragoedias
1191 3259 1284 3339 lecit3
1326 3259 1411 3342 quod

237 3367 370 3444 propter
410 3365 552 3429 studium
594 3384 664 3430 cum
700 3385 768 3430 rem
804 3367 976 3448 neglegere
1011 3366 1201 3434 familiarem
1237 3367 1410 3446 videretur,

237 3488 256 3534 a
284 3469 358 3535 filiis
385 3471 418 3534 in
446 3471 597 3536 iudicium
625 3477 756 3538 vocatus
784 3478 844 3552 est,
873 3478 919 3551 ut,
953 3492 1047 3556 quern
1076 3475 1271 3540 admodum
1300 3479 1410 3540 nostro

237 3595 325 3642 more
353 3579 531 3643 malorem
559 3579 745 3660 gerentibus
774 3579 919 3661 patribus
948 3581 1039 3646 bonis
1067 3582 1216 3647 interdici
1244 3582 1336 3662 solet,
1365 3582 1413 3646 sic

237 3684 327 3749 illum
363 3685 454 3766 quasi
491 3685 702 3768 desipientem
738 3706 757 3752 a
790 3707 825 3752 re
859 3685 1009 3753 familiari
1041 3694 1245 3755 removerent
1278 3689 1409 3753 iudices.

237 3796 305 3855 tum
342 3809 439 3855 senex
474 3792 590 3859 dicitur
624 3813 695 3859 eam
729 3793 879 3874 fabulam,
916 3813 1010 3876 quarn
1038 3796 1071 3860 in
1099 3796 1245 3862 manibus
1273 3794 1411 3860 habebat

237 3905 271 3964 ct
297 3898 441 3979 proxime
469 3901 652 3982 scripserat,
681 3901 838 3982 Oedipum
868 3900 1042 3967 Coloneum
1069 3903 1224 3968 recitasse
1252 3901 1409 3967 iudicibus

237 4006 475 4088 quaesisseque,
512 4026 588 4072 num
621 4007 704 4072 willud
738 4026 865 4074 carmen
900 4009 1089 4090 desipientis
1125 4010 1304 4079 videretur.
1348 4027 1410 4090 quo

184 4117 217 4168 23
236 4111 319 4178 iacto
348 4115 519 4180 sententiis
546 4113 684 4179 iudicum
714 4120 764 4180 est
788 4115 953 4181 liberatus.
996 4136 1072 4181 num
1095 4117 1195 4197 igitur
1213 4117 1307 4197 hunc,
1335 4135 1409 4180 nurn

234 4219 420 4300 Homerum,
461 4221 649 4302 Hesiodum,
693 4219 897 4304 Simonidem,
942 4221 1168 4303 Stesichorum,
1206 4242 1293 4304 num,
1331 4240 1410 4304 quos
