3296 4754
241 566 280 625 14
628 557 666 610 M.
685 556 809 612 TULLII
829 555 1022 611 CICERONIS

238 783 368 865 poterit,
396 781 501 846 animo
529 799 700 862 numquam
729 780 800 845 crit.
844 781 1000 861 septimus
1029 780 1107 845 mihi
1135 780 1217 846 liber
1244 780 1410 862 Originum

194 925 196 928 v
238 894 289 956 est
322 891 355 954 in
390 887 547 968 manibus,
583 889 688 953 omnia
714 886 917 968 antiquitatis
946 891 1151 952 monumenta
1179 887 1303 969 colligo,
1339 905 1411 952 cau-

238 988 344 1060 sarum
386 995 579 1076 inlustrium,
617 1011 833 1077 quascumque
870 992 1008 1074 defendi,
1051 1012 1134 1060 nunc
1170 1012 1241 1059 cum
1277 995 1412 1059 maxime

238 1102 368 1168 conficio
406 1102 577 1181 orationes,
619 1103 670 1167 ius
707 1101 886 1183 augurium,
924 1101 1132 1183 pontificium,
1170 1101 1263 1167 civile
1299 1107 1411 1182 tracto,

238 1210 373 1274 multum
408 1209 505 1274 etiam
534 1207 665 1274 Graecis
699 1209 819 1273 litteris
855 1211 928 1274 utor
955 1209 1291 1291 Pythagoreorumque
1325 1227 1412 1273 more

239 1316 433 1382 exercendae
461 1316 633 1381 memoriae
661 1307 775 1397 gratia,
804 1315 882 1396 quid
911 1333 1036 1398 quoquc
1058 1316 1110 1380 die
1130 1316 1275 1396 dixerim,
1304 1315 1413 1380 audie·

239 1426 309 1504 rim,
353 1423 484 1505 egerim,
527 1441 737 1489 commemoro
775 1422 912 1502 vesperi.
959 1423 1019 1488 hae
1056 1427 1133 1488 sunt
1168 1423 1413 1488 exercitationes

239 1531 370 1612 ingenii,
405 1529 484 1595 baec
511 1529 667 1594 curricula
694 1529 823 1610 mentis,
855 1529 889 1592 in
916 1528 967 1595 his
996 1531 1156 1596 desudans
1183 1534 1280 1613 atque
1308 1529 1410 1594 elabo-

233 1656 314 1734 ,rans
342 1638 485 1720 corporis
513 1637 599 1701 vires
627 1655 691 1701 non
709 1655 824 1718 magno
844 1654 941 1717 opere
961 1637 1118 1702 desidero.
1161 1638 1273 1703 adsum
1292 1636 1413 1715 anicia,

239 1746 332 1810 venio
366 1745 401 1809 in
436 1747 582 1809 senatum
616 1741 767 1826 frequens
803 1743 952 1825 ultroque
987 1742 1095 1809 adiero
1131 1762 1183 1810 res
1217 1745 1352 1809 multum
1380 1748 1415 1807 et

240 1852 295 1916 diu
324 1852 480 1932 cogitatas
508 1869 627 1933 easque
655 1854 749 1916 tueor
776 1851 883 1931 animi,
911 1867 975 1915 non
1001 1851 1143 1932 corporis
1161 1851 1293 1918 viribus.
1336 1867 1414 1932 quas

239 1961 268 2024 si
302 1961 417 2041 exequi
451 1959 628 2039 nequirem,
663 1963 771 2023 tamen
805 1976 857 2022 me
891 1957 1028 2022 lectulus
1056 1977 1146 2023 mens
1175 1957 1350 2023 oblectaret
1377 1975 1414 2021 ea

239 2067 311 2147 ipsa
338 2066 543 2147 cogitantem,
572 2084 653 2147 quae
681 2067 744 2130 iam
772 2082 868 2146 agere
896 2081 959 2129 non
978 2083 1124 2150 possem;
1152 2065 1210 2130 sed
1228 2068 1265 2129 ut
1282 2064 1414 2145 possim,

110 2173 113 2180 ’
147 2157 150 2163 ’
241 2171 317 2237 lacit
343 2177 414 2238 acta
441 2173 516 2236 vita.
564 2191 691 2254 semper
719 2172 803 2237 enim
831 2172 865 2235 in
892 2169 944 2234 his
972 2172 1089 2237 studiis
1115 2171 1343 2253 laboribusque
1369 2170 1415 2234 vi·

240 2280 328 2344 venti
361 2297 425 2344 non
456 2279 665 2360 intellegitur,
702 2279 827 2361 quando
857 2277 991 2359 obrepat
1018 2284 1176 2344 senectus.
1222 2280 1268 2344 ita
1296 2277 1416 2343 sensim

241 2388 310 2451 sine
339 2404 436 2450 sensu
463 2390 553 2451 aetas
581 2387 721 2452 senescit
747 2405 806 2451 nec
834 2385 940 2451 subito
968 2384 1139 2468 frangitur,
1174 2386 1231 2451 sed
1259 2384 1415 2451 diuturni-

241 2498 309 2558 tate
335 2493 542 2574 extinguitur.
569 2527 571 2531 >

182 2571 223 2697 ἒξ
332 2599 485 2682 Sequitur
518 2600 616 2664 tertia
649 2601 842 2682 vituperatio
876 2601 1062 2680 senectutis,
1098 2601 1183 2682 quod
1211 2618 1281 2664 eam
1309 2617 1416 2664 carere

242 2707 351 2772 dicunt
384 2706 613 2788 voluptatibus.
661 2725 679 2772 o
714 2708 911 2788 praeclarum
946 2726 1061 2772 munus
1096 2708 1223 2786 aetatis,
1259 2705 1416 2788 siquidem

241 2815 274 2879 id
309 2812 414 2879 aufert
448 2833 467 2878 a
501 2813 604 2893 nobis,
641 2813 726 2895 quod
761 2818 812 2879 est
845 2817 877 2879 in
913 2798 1131 2880 adulescentia
1157 2813 1416 2879 vitiosissimum!

241 2922 375 3002 accipite
412 2922 508 2999 enim,
546 2920 660 3001 optimi
696 2920 928 3002 adulescentes,
965 2928 1107 2987 veterem
1145 2921 1320 2986 orationem
1357 2920 1416 2985 Ar·
1516 2939 1518 2944 ·

242 3028 354 3110 cbytae
391 3027 567 3107 Tarentini,
604 3027 712 3109 magni
748 3029 782 3094 iu
818 3030 931 3110 primis
968 3033 1002 3094 et
1037 3029 1193 3110 praeclari
1228 3028 1298 3109 riri,
1337 3046 1417 3110 quae

242 3134 321 3199 mihi
348 3135 468 3199 tradita
496 3138 556 3214 est,
586 3152 656 3198 cum
685 3152 790 3199 essem
817 3136 1005 3202 adulescens
1034 3135 1166 3201 Tarenti
1194 3153 1264 3200 cum
1292 3134 1329 3212 Q.
1349 3133 1416 3198 Ma·

241 3241 336 3306 ximo.
383 3242 502 3307 nullam
531 3242 748 3324 capitaliorem
776 3247 901 3324 pestem
930 3262 1024 3324 quarn
1052 3243 1248 3324 voluptatem
1276 3242 1417 3322 corporis

242 3347 425 3414 hominibus
459 3348 586 3414 dicebat
619 3367 639 3414 a
671 3353 786 3413 natura
821 3350 938 3430 datam,
974 3351 1064 3415 cuius
1099 3349 1272 3431 voluptatis
1307 3347 1418 3414 audac

189 3461 224 3512 co
243 3455 391 3521 libidines
420 3461 541 3520 temere
570 3460 603 3520 et
630 3453 784 3522 effrenate
812 3457 852 3521 ad
880 3457 1065 3538 potiendum
1084 3457 1303 3521 incitarentur.
1345 3456 1419 3521 binc

243 3562 367 3642 patriae
401 3563 611 3646 proditiones,
648 3562 722 3627 hinc
756 3582 863 3628 rerum
891 3563 1089 3647 publicarum
1118 3564 1310 3643 eversiones,
1345 3563 1418 3626 hinc

243 3686 314 3732 cum
355 3669 502 3735 hostibus
544 3668 742 3735 clandestina
782 3671 938 3753 colloquia
979 3671 1077 3751 nasci,
1119 3671 1240 3735 nullum
1282 3669 1418 3751 denique

244 3775 358 3854 scelus
395 3777 517 3840 nullum
552 3777 670 3841 malum
706 3774 830 3842 facinus
867 3796 950 3858 esse,
988 3778 1028 3842 ad
1063 3778 1148 3860 quod
1183 3777 1418 3858 suscipiendum

243 3899 306 3946 non
341 3882 439 3947 libido
474 3883 649 3963 voluptatis
684 3884 863 3965 inpelleret,
899 3889 1011 3966 stupra
1037 3903 1113 3951 vero
1141 3889 1175 3950 et
1201 3883 1359 3949 adulteria
1386 3889 1436 3970 et,

244 4007 337 4053 omne
372 3989 436 4053 talc
470 3988 627 4071 flagitium
662 3991 758 4056 nullis
787 3993 918 4057 excitari
932 3993 1017 4057 *aliis
1044 3992 1213 4057 inlecebris
1241 3990 1304 4056 nisi
1330 3989 1418 4056 volu-

244 4096 360 4176 ptatis;
390 4114 525 4178 cumque
553 4097 674 4163 bomini
701 4099 768 4164 sive
796 4106 910 4164 natura
939 4100 1006 4164 sive
1026 4100 1097 4181 quis
1117 4099 1195 4164 deus
1213 4097 1294 4162 nihil
1312 4101 1419 4162 mente

245 4201 471 4281 praestabilius
500 4204 654 4284 dedisset,
682 4204 756 4272 huic
784 4205 889 4271 divino
917 4208 1042 4271 muneri
1070 4224 1107 4270 ae
1133 4206 1216 4270 dono
1244 4204 1325 4269 nihil
1352 4210 1418 4269 tarn
