3296 4754
244 573 282 632 10
632 567 669 620 M.
690 566 816 622 TULLII
835 563 1027 622 CICERONIS

241 809 339 871 agens
373 790 495 871 aliquid
530 793 563 855 et
591 790 737 870 moliens,
773 791 837 855 tale
872 791 1003 870 scilicet,
1039 790 1131 873 quale
1167 791 1320 873 cuiusque
1348 795 1416 855 stu·

243 897 330 962 diurn
371 898 404 962 iu
439 897 604 978 superiore
641 898 707 962 vita
740 895 825 962 fuit?
872 898 970 980 quid?
1015 899 1070 979 qui
1111 898 1207 962 etiam
1250 897 1417 962 addiscunt

241 1003 383 1086 aliquid?
442 1008 479 1068 ut
531 1007 565 1067 et
617 1003 767 1070 Solonem
819 1005 965 1070 uersibus
1018 1005 1208 1086 gloriantem
1261 1005 1416 1082 videmus,

242 1112 296 1192 qui
338 1129 373 1174 se
415 1110 531 1175 cotidie
573 1111 694 1192 aliquid
735 1111 952 1178 addiscentem
995 1112 1071 1176 dicit
1112 1130 1220 1177 senem
1263 1110 1343 1191 fieri,
1385 1115 1418 1176 et

241 1234 301 1299 ego
328 1216 399 1297 ieci,
429 1218 483 1299 qui
510 1218 639 1282 litteras
665 1217 804 1284 Graecas
833 1237 930 1283 senex
958 1219 1071 1297 didici3
1107 1237 1186 1300 quas
1214 1219 1343 1300 quidem
1372 1219 1417 1282 sic

125 1333 128 1340 “
240 1324 332 1390 avide
366 1325 488 1405 arripui
522 1326 614 1406 quasi
649 1324 832 1390 diuturnam
867 1326 954 1391 sitim
983 1326 1110 1406 explere
1139 1327 1280 1406 cupiens,
1316 1330 1353 1390 ut
1381 1343 1418 1389 ea

240 1432 313 1513 ipsa
339 1431 418 1496 mihi
445 1436 522 1496 nota
550 1434 669 1511 essent,
698 1432 813 1514 quibus
841 1451 892 1496 me
919 1451 1003 1497 nunc
1030 1433 1184 1514 exemplis
1212 1432 1261 1498 uti
1287 1431 1416 1496 uidetis.

231 1538 327 1620 'quod
354 1557 425 1603 cum
448 1537 563 1604 fecisse
584 1537 747 1604 Socratem
766 1540 799 1604 in
817 1537 935 1604 fidibus
954 1539 1107 1619 audirem,
1136 1539 1250 1604 vellem
1270 1538 1418 1620 equidem

241 1646 339 1710 etiam
372 1644 453 1710 illud
487 1645 667 1727 (discebant
701 1648 785 1711 enim
820 1645 936 1712 fidibus
971 1646 1120 1728 antiqui),
1155 1645 1272 1711 sedin
1299 1646 1418 1710 litteris

242 1759 329 1817 certe
357 1752 527 1817 elaboravi.

189 1833 223 1956 ἐξ
331 1854 398 1924 Nec
431 1877 514 1923 nunc
549 1859 676 1940 quidem
711 1860 796 1924 vires
831 1859 978 1925 desidero
1013 1860 1227 1925 adulescentis
1263 1860 1306 1941 (is
1335 1859 1418 1924 enirn

242 1971 311 2030 erat
345 1967 434 2031 locus
468 1966 551 2030 alter
585 1966 623 2031 de
657 1967 745 2032 vitiis
774 1967 974 2048 senectutis),
1010 1985 1072 2032 non
1101 1967 1183 2047 plus,
1218 1985 1313 2048 quam
1341 1965 1418 2030 adu·

242 2073 366 2138 lescens
394 2073 479 2138 tauri
493 2079 562 2137 aut
590 2073 752 2154 elephanti
779 2073 1011 2139 desiderabam.
1060 2072 1145 2155 quod
1172 2077 1232 2154 est,
1262 2091 1300 2138 eo
1329 2073 1420 2137 decet

242 2181 291 2244 uti
327 2184 370 2258 et,
406 2179 561 2261 quidquid
595 2199 683 2262 agas,
718 2199 814 2261 agere
848 2199 906 2262 pro
943 2180 1075 2245 viribus.
1124 2199 1205 2262 quae
1240 2181 1325 2244 enim
1359 2197 1419 2245 vox

243 2291 451 2367 potestesse
478 2288 691 2369 contemptior
718 2306 813 2370 quam
840 2288 969 2352 Milonis
998 2286 1225 2352 Crotoniatae?
1267 2287 1322 2369 qui
1349 2305 1419 2350 cum

243 2395 307 2458 iam
342 2412 440 2458 senex
468 2399 555 2460 esset
582 2395 785 2476 athletasque
813 2413 848 2460 se
877 2399 1061 2460 exercentes
1088 2396 1121 2460 in
1149 2394 1305 2459 curriculo
1332 2393 1419 2459 vide·

244 2504 305 2581 ret,
340 2502 505 2582 aspexisse
541 2502 678 2567 lacertos
714 2520 789 2567 suos
827 2502 943 2566 dicitur
978 2503 1245 2582 inlacrimansque
1283 2500 1418 2565 dixisse:

243 2595 296 2672 ‘at
329 2607 370 2671 hi
405 2607 567 2690 quidem
601 2609 755 2674 mortui
789 2611 864 2673 iam
900 2597 1018 2674 sunt'
1063 2627 1127 2673 non
1161 2626 1237 2673 vero
1271 2612 1338 2672 tarn
1364 2607 1420 2672 isti

245 2734 339 2796 quarn
367 2719 402 2780 tu
430 2716 511 2796 ipsc,
540 2716 692 2796 nugator!
727 2734 831 2796 neque
859 2717 945 2782 enim
974 2723 1063 2781 exte
1082 2734 1232 2796 umquam
1253 2713 1420 2779 esuobili·

245 2827 343 2902 tatus,
381 2822 438 2887 sed
473 2840 511 2885 ex
545 2822 700 2887 lateribus
736 2827 769 2887 et
802 2823 931 2888 lacertis
966 2824 1041 2888 tuis.
1088 2823 1168 2886 nibil
1203 2820 1274 2886 Sex.
1309 2820 1420 2885 Aelius

245 2929 320 3009 tale,
358 2928 438 2993 nihil
472 2929 582 2994 multis
619 2930 710 2994 annis
747 2933 821 2994 ante
858 2929 905 2994 Ti.
945 2927 1172 3009 Coruncanius
1209 2928 1289 2993 nihil
1325 2927 1418 2992 modo

246 3036 281 3100 P.
310 3033 457 3115 Crassus,
492 3053 511 3099 a
544 3036 660 3117 quibus
687 3037 758 3100 iura
785 3036 906 3101 civibus
934 3036 1250 3118 praescribebantur;
1286 3053 1419 3117 quorum

193 3153 348 3223 esusque
380 3142 420 3207 ad
448 3152 626 3208 extremum
655 3144 804 3224 spiritum
832 3148 883 3208 est
910 3149 1060 3224 provecta
1087 3143 1267 3225 prudentia.
1314 3146 1421 3206 orator

246 3253 354 3313 metuo
388 3268 428 3315 ne
461 3250 649 3330 languescat
682 3254 864 3330 senectute3
901 3258 952 3316 est
986 3253 1071 3317 enim
1105 3267 1220 3315 munus
1255 3250 1324 3314 eius
1357 3265 1419 3312 non

245 3356 366 3437 ingenii
394 3357 508 3438 solum,
537 3357 594 3422 sed
621 3358 759 3422 laterum
787 3359 883 3436 etiarn
912 3362 945 3421 et
962 3359 1088 3423 virium.
1125 3358 1252 3423 omnino
1272 3373 1420 3421 canorum

248 3462 328 3526 illud
354 3463 388 3527 in
415 3481 491 3529 voce
520 3465 717 3545 splendescit
744 3465 840 3530 etiarn
868 3465 975 3531 nescio
996 3482 1058 3547 quo
1078 3468 1171 3546 pacto
1190 3465 1224 3529 in
1243 3467 1418 3529 senectute.

248 3569 333 3651 quod
361 3571 508 3650 equidem
536 3571 640 3636 adhuc
666 3588 730 3636 non
757 3572 861 3651 amisi,
890 3576 923 3636 et
950 3571 1067 3637 videtis
1090 3589 1208 3650 annos;
1238 3570 1295 3636 sed
1314 3576 1420 3634 tamen
1458 3641 1462 3650 ¹

247 3679 299 3740 est
325 3676 459 3741 decorus
487 3679 581 3743 senis·
603 3696 707 3744 sermo
737 3679 865 3760 quietus
893 3683 926 3742 et
953 3680 1119 3754 remissus,
1147 3676 1287 3760 iecitque
1310 3695 1367 3758 per
1386 3693 1421 3739 se

246 3783 318 3863 ipsa
352 3783 415 3848 sibi
447 3785 642 3850 audientiam
679 3785 793 3850 diserti
827 3786 913 3850 senis
950 3789 1076 3867 compta
1117 3792 1150 3850 et
1184 3786 1271 3850 mitis
1306 3783 1418 3848 oratio.

248 3908 343 3971 quarn
379 3890 407 3954 si
434 3891 504 3971 ipse
532 3891 647 3974 exequi
674 3910 825 3973 nequeas,
861 3893 967 3974 possis
995 3898 1103 3957 tamen
1132 3891 1273 3974 Scipioni
1301 3889 1421 3973 praeci-

248 4013 325 4077 pere
360 4001 393 4060 et
420 3996 540 4063 Laelio.
588 3998 664 4079 quid
699 4000 783 4064 enim
820 4008 871 4064 est
904 4000 1073 4065 iucundius
1109 4003 1274 4065 senectute
1303 3998 1423 4077 stipate

196 4111 230 4161 29
249 4102 365 4167 studiis
392 4104 595 4170 iuventutis?¹
636 4123 676 4169 an
703 4124 744 4170 ne
772 4106 843 4171 illas
872 4107 1001 4188 quidem
1030 4108 1113 4173 vires
1142 4106 1300 4172 senectuti
1326 4102 1421 4169 relin-

250 4227 394 4290 quemus,
432 4216 468 4275 ut
505 4211 727 4278 adulescentes
765 4213 886 4294 doceat,
924 4214 1084 4294 instituat,
1122 4213 1162 4279 ad
1197 4231 1289 4279 omne
1327 4208 1422 4277 officii
