<?xml version="1.0" encoding="UTF-8"?>
<!DOCTYPE html PUBLIC "-//W3C//DTD XHTML 1.0 Transitional//EN"
    "http://www.w3.org/TR/xhtml1/DTD/xhtml1-transitional.dtd">
<html xmlns="http://www.w3.org/1999/xhtml" xml:lang="en" lang="en">
 <head>
  <title>
</title>
<meta http-equiv="Content-Type" content="text/html;charset=utf-8" />
  <meta name='ocr-system' content='tesseract 3.04.00' />
  <meta name='ocr-capabilities' content='ocr_page ocr_carea ocr_par ocr_line ocrx_word'/>
</head>
<body>
  <div class='ocr_page' id='page_1' title='image "./catomajordesene00rinagoog_0065.png"; bbox 0 0 3296 4754; ppageno 0'>
   <div class='ocr_carea' id='block_1_1' title="bbox 65 591 1016 683">
    <p class='ocr_par' dir='ltr' id='par_1_1' title="bbox 1 581 1016 700">
     <span class='ocr_line' id='line_1_1' title="bbox 65 591 1016 683; baseline 0 -13"><span class='ocrx_word' id='word_1_1' title='bbox 65 655 66 658; x_wconf 23' lang='grc' dir='ltr'>ι</span> <span class='ocrx_word' id='word_1_2' title='bbox 88 605 90 610; x_wconf 66' lang='lat'>‘</span> <span class='ocrx_word' id='word_1_3' title='bbox 202 591 272 683; x_wconf 34' lang='lat'><strong>‘48</strong></span> <span class='ocrx_word' id='word_1_4' title='bbox 622 617 660 670; x_wconf 88' lang='grc' dir='ltr'><strong>ιι.</strong></span> <span class='ocrx_word' id='word_1_5' title='bbox 679 616 805 672; x_wconf 82' lang='lat' dir='ltr'><strong>runnu</strong></span> <span class='ocrx_word' id='word_1_6' title='bbox 824 615 1016 671; x_wconf 81' lang='lat' dir='ltr'><strong>orcuuorus</strong></span> 
     </span>
    </p>
   </div>
   <div class='ocr_carea' id='block_1_2' title="bbox 1 823 1406 4347">
    <p class='ocr_par' dir='ltr' id='par_1_2' title="bbox 1 823 1406 3490">
     <span class='ocr_line' id='line_1_2' title="bbox 29 823 1405 930; baseline 0.003 -25.946"><span class='ocrx_word' id='word_1_7' title='bbox 10 823 35 914; x_wconf 60' lang='grc' dir='ltr'><strong>-ῂ’</strong></span> <span class='ocrx_word' id='word_1_8' title='bbox 83 907 107 930; x_wconf 20' lang='grc' dir='ltr'><strong>Α,</strong></span> <span class='ocrx_word' id='word_1_9' title='bbox 174 853 209 904; x_wconf 82' lang='lat'><strong>47</strong></span> <span class='ocrx_word' id='word_1_10' title='bbox 228 845 382 923; x_wconf 87' lang='lat' dir='ltr'><strong>putentur</strong></span> <span class='ocrx_word' id='word_1_11' title='bbox 409 841 505 906; x_wconf 86' lang='lat' dir='ltr'><strong>boati.</strong></span> <span class='ocrx_word' id='word_1_12' title='bbox 535 841 767 922; x_wconf 85' lang='lat' dir='ltr'><strong>opraeolaram</strong></span> <span class='ocrx_word' id='word_1_13' title='bbox 791 840 998 922; x_wconf 78' lang='lat' dir='ltr'>sapientiam!</span> <span class='ocrx_word' id='word_1_14' title='bbox 1028 841 1128 906; x_wconf 89' lang='lat' dir='ltr'><strong>solem</strong></span> <span class='ocrx_word' id='word_1_15' title='bbox 1147 841 1231 906; x_wconf 89' lang='lat' dir='ltr'><strong>enim</strong></span> <span class='ocrx_word' id='word_1_16' title='bbox 1251 859 1269 905; x_wconf 94' lang='lat' dir='ltr'><strong>e</strong></span> <span class='ocrx_word' id='word_1_17' title='bbox 1287 831 1405 908; x_wconf 89' lang='lat' dir='ltr'><strong>mundo</strong></span> 
     </span>
     <span class='ocr_line' id='line_1_3' title="bbox 112 946 1405 1035; baseline 0 -22"><span class='ocrx_word' id='word_1_18' title='bbox 112 1027 114 1030; x_wconf 17' lang='lat'>¹</span> <span class='ocrx_word' id='word_1_19' title='bbox 175 1031 177 1035; x_wconf 14' lang='lat' dir='ltr'><strong>f</strong></span> <span class='ocrx_word' id='word_1_20' title='bbox 227 948 341 1034; x_wconf 90' lang='lat' dir='ltr'><strong>tollere</strong></span> <span class='ocrx_word' id='word_1_21' title='bbox 369 946 527 1027; x_wconf 89' lang='lat' dir='ltr'><strong>videntur,</strong></span> <span class='ocrx_word' id='word_1_22' title='bbox 557 949 613 1029; x_wconf 93' lang='lat' dir='ltr'><strong>qui</strong></span> <span class='ocrx_word' id='word_1_23' title='bbox 639 949 811 1013; x_wconf 84' lang='lat' dir='ltr'><strong>amicitiam</strong></span> <span class='ocrx_word' id='word_1_24' title='bbox 839 967 857 1012; x_wconf 90' lang='lat' dir='ltr'><strong>e</strong></span> <span class='ocrx_word' id='word_1_25' title='bbox 884 948 951 1013; x_wconf 88' lang='lat' dir='ltr'><strong>vita</strong></span> <span class='ocrx_word' id='word_1_26' title='bbox 979 948 1106 1028; x_wconf 91' lang='lat' dir='ltr'><strong>tollunt,</strong></span> <span class='ocrx_word' id='word_1_27' title='bbox 1136 967 1199 1030; x_wconf 87' lang='lat' dir='ltr'><strong>qua</strong></span> <span class='ocrx_word' id='word_1_28' title='bbox 1217 948 1297 1013; x_wconf 87' lang='lat' dir='ltr'><strong>nihil</strong></span> <span class='ocrx_word' id='word_1_29' title='bbox 1315 967 1335 1012; x_wconf 87' lang='lat' dir='ltr'><strong>o</strong></span> <span class='ocrx_word' id='word_1_30' title='bbox 1352 948 1405 1013; x_wconf 90' lang='lat' dir='ltr'><strong>dis</strong></span> 
     </span>
     <span class='ocr_line' id='line_1_4' title="bbox 226 1040 1404 1136; baseline 0 -17"><span class='ocrx_word' id='word_1_31' title='bbox 226 1054 450 1132; x_wconf 82' lang='lat' dir='ltr'><strong>inmortalibus</strong></span> <span class='ocrx_word' id='word_1_32' title='bbox 478 1055 594 1120; x_wconf 91' lang='lat' dir='ltr'><strong>melius</strong></span> <span class='ocrx_word' id='word_1_33' title='bbox 622 1055 788 1134; x_wconf 84' lang='lat' dir='ltr'><strong>hebemus,</strong></span> <span class='ocrx_word' id='word_1_34' title='bbox 816 1055 896 1120; x_wconf 88' lang='lat' dir='ltr'><strong>nihil</strong></span> <span class='ocrx_word' id='word_1_35' title='bbox 924 1040 1104 1120; x_wconf 89' lang='lat' dir='ltr'><strong>iucundius.</strong></span> <span class='ocrx_word' id='word_1_36' title='bbox 1141 1074 1222 1136; x_wconf 84' lang='lat' dir='ltr'><strong>quae</strong></span> <span class='ocrx_word' id='word_1_37' title='bbox 1250 1059 1302 1120; x_wconf 87' lang='lat' dir='ltr'><strong>est</strong></span> <span class='ocrx_word' id='word_1_38' title='bbox 1320 1055 1404 1121; x_wconf 89' lang='lat' dir='ltr'><strong>euim</strong></span> 
     </span>
     <span class='ocr_line' id='line_1_5' title="bbox 119 1161 1405 1244; baseline 0 -18"><span class='ocrx_word' id='word_1_39' title='bbox 119 1193 120 1198; x_wconf 22' lang='grc' dir='ltr'>ι</span> <span class='ocrx_word' id='word_1_40' title='bbox 170 1217 171 1220; x_wconf 64' lang='grc'>,</span> <span class='ocrx_word' id='word_1_41' title='bbox 201 1179 202 1182; x_wconf 71' lang='grc'>’</span> <span class='ocrx_word' id='word_1_42' title='bbox 227 1163 291 1227; x_wconf 91' lang='lat' dir='ltr'><strong>ista</strong></span> <span class='ocrx_word' id='word_1_43' title='bbox 319 1161 498 1227; x_wconf 78' lang='lat' dir='ltr'><strong>securitas?</strong></span> <span class='ocrx_word' id='word_1_44' title='bbox 526 1163 632 1243; x_wconf 87' lang='lat' dir='ltr'><strong>specie</strong></span> <span class='ocrx_word' id='word_1_45' title='bbox 661 1162 789 1244; x_wconf 90' lang='lat' dir='ltr'><strong>quidem</strong></span> <span class='ocrx_word' id='word_1_46' title='bbox 814 1162 940 1242; x_wconf 91' lang='lat' dir='ltr'><strong>blanda,</strong></span> <span class='ocrx_word' id='word_1_47' title='bbox 969 1162 1026 1227; x_wconf 89' lang='lat' dir='ltr'><strong>sed</strong></span> <span class='ocrx_word' id='word_1_48' title='bbox 1051 1179 1165 1244; x_wconf 90' lang='lat' dir='ltr'><strong>reapse</strong></span> <span class='ocrx_word' id='word_1_49' title='bbox 1190 1161 1301 1226; x_wconf 89' lang='lat' dir='ltr'><strong>multis</strong></span> <span class='ocrx_word' id='word_1_50' title='bbox 1327 1161 1405 1227; x_wconf 85' lang='lat' dir='ltr'><strong>locis</strong></span> 
     </span>
     <span class='ocr_line' id='line_1_6' title="bbox 5 1253 1404 1350; baseline -0.004 -12"><span class='ocrx_word' id='word_1_51' title='bbox 5 1253 21 1338; x_wconf 50' lang='lat' dir='ltr'><strong>s&#39;</strong></span> <span class='ocrx_word' id='word_1_52' title='bbox 87 1267 107 1342; x_wconf 2' lang='grc' dir='ltr'><strong>κγ</strong></span> <span class='ocrx_word' id='word_1_53' title='bbox 227 1268 435 1350; x_wconf 85' lang='lat' dir='ltr'><strong>repudianda.</strong></span> <span class='ocrx_word' id='word_1_54' title='bbox 483 1287 588 1350; x_wconf 91' lang='lat' dir='ltr'><strong>neque</strong></span> <span class='ocrx_word' id='word_1_55' title='bbox 623 1269 707 1334; x_wconf 92' lang='lat' dir='ltr'><strong>enim</strong></span> <span class='ocrx_word' id='word_1_56' title='bbox 743 1274 795 1334; x_wconf 85' lang='lat' dir='ltr'><strong>est</strong></span> <span class='ocrx_word' id='word_1_57' title='bbox 829 1274 1077 1335; x_wconf 87' lang='lat' dir='ltr'><strong>consentaneum</strong></span> <span class='ocrx_word' id='word_1_58' title='bbox 1114 1269 1209 1334; x_wconf 87' lang='lat' dir='ltr'><strong>ullam</strong></span> <span class='ocrx_word' id='word_1_59' title='bbox 1237 1269 1404 1334; x_wconf 85' lang='lat' dir='ltr'><strong>honestam</strong></span> 
     </span>
     <span class='ocr_line' id='line_1_7' title="bbox 125 1363 1406 1457; baseline 0 -17"><span class='ocrx_word' id='word_1_60' title='bbox 125 1391 127 1396; x_wconf 88' lang='lat'>·</span> <span class='ocrx_word' id='word_1_61' title='bbox 188 1391 189 1394; x_wconf 71' lang='grc'>’</span> <span class='ocrx_word' id='word_1_62' title='bbox 227 1363 295 1441; x_wconf 81' lang='lat' dir='ltr'><strong>rem</strong></span> <span class='ocrx_word' id='word_1_63' title='bbox 336 1376 544 1455; x_wconf 89' lang='lat' dir='ltr'><strong>actionemve,</strong></span> <span class='ocrx_word' id='word_1_64' title='bbox 587 1394 627 1442; x_wconf 93' lang='lat' dir='ltr'><strong>ne</strong></span> <span class='ocrx_word' id='word_1_65' title='bbox 664 1376 820 1441; x_wconf 90' lang='lat' dir='ltr'><strong>sollicitus</strong></span> <span class='ocrx_word' id='word_1_66' title='bbox 858 1377 914 1457; x_wconf 91' lang='lat' dir='ltr'><strong>sis,</strong></span> <span class='ocrx_word' id='word_1_67' title='bbox 956 1377 1012 1440; x_wconf 87' lang='lat' dir='ltr'><strong>aut</strong></span> <span class='ocrx_word' id='word_1_68' title='bbox 1053 1394 1115 1442; x_wconf 92' lang='lat' dir='ltr'><strong>non</strong></span> <span class='ocrx_word' id='word_1_69' title='bbox 1151 1375 1314 1457; x_wconf 84' lang='lat' dir='ltr'><strong>suscipere</strong></span> <span class='ocrx_word' id='word_1_70' title='bbox 1350 1381 1406 1441; x_wconf 89' lang='lat' dir='ltr'><strong>aut</strong></span> 
     </span>
     <span class='ocr_line' id='line_1_8' title="bbox 61 1481 1406 1575; baseline 0 -28"><span class='ocrx_word' id='word_1_71' title='bbox 61 1571 63 1575; x_wconf 13' lang='lat' dir='ltr'><strong>f</strong></span> <span class='ocrx_word' id='word_1_72' title='bbox 228 1487 409 1564; x_wconf 88' lang='lat' dir='ltr'><strong>susceptam</strong></span> <span class='ocrx_word' id='word_1_73' title='bbox 444 1482 614 1564; x_wconf 90' lang='lat' dir='ltr'><strong>deponere.</strong></span> <span class='ocrx_word' id='word_1_74' title='bbox 661 1483 776 1565; x_wconf 90' lang='lat' dir='ltr'><strong>quodsi</strong></span> <span class='ocrx_word' id='word_1_75' title='bbox 804 1501 910 1548; x_wconf 91' lang='lat' dir='ltr'><strong>curam</strong></span> <span class='ocrx_word' id='word_1_76' title='bbox 939 1482 1089 1564; x_wconf 84' lang='lat' dir='ltr'><strong>fugimus,</strong></span> <span class='ocrx_word' id='word_1_77' title='bbox 1124 1484 1227 1549; x_wconf 84' lang='lat' dir='ltr'><strong>virtus</strong></span> <span class='ocrx_word' id='word_1_78' title='bbox 1250 1481 1406 1563; x_wconf 72' lang='lat' dir='ltr'><strong>fugienda</strong></span> 
     </span>
     <span class='ocr_line' id='line_1_9' title="bbox 1 1581 1405 1684; baseline -0.001 -29"><span class='ocrx_word' id='word_1_79' title='bbox 1 1581 53 1658; x_wconf 63' lang='lat'><strong>*1</strong></span> <span class='ocrx_word' id='word_1_80' title='bbox 116 1589 124 1684; x_wconf 50' lang='lat' dir='ltr'><strong><em>J</em></strong></span> <span class='ocrx_word' id='word_1_81' title='bbox 206 1595 288 1670; x_wconf 86' lang='lat' dir='ltr'><strong>est,</strong></span> <span class='ocrx_word' id='word_1_82' title='bbox 317 1609 407 1671; x_wconf 66' lang='lat' dir='ltr'><strong>‚quae</strong></span> <span class='ocrx_word' id='word_1_83' title='bbox 441 1608 572 1656; x_wconf 87' lang='lat' dir='ltr'><strong>necesse</strong></span> <span class='ocrx_word' id='word_1_84' title='bbox 607 1593 658 1655; x_wconf 88' lang='lat' dir='ltr'><strong>est</strong></span> <span class='ocrx_word' id='word_1_85' title='bbox 692 1608 762 1656; x_wconf 93' lang='lat' dir='ltr'><strong>cum</strong></span> <span class='ocrx_word' id='word_1_86' title='bbox 796 1591 904 1672; x_wconf 85' lang='lat' dir='ltr'><strong>aliqua</strong></span> <span class='ocrx_word' id='word_1_87' title='bbox 938 1608 1013 1655; x_wconf 89' lang='lat' dir='ltr'><strong>cura</strong></span> <span class='ocrx_word' id='word_1_88' title='bbox 1047 1609 1099 1654; x_wconf 91' lang='lat' dir='ltr'><strong>res</strong></span> <span class='ocrx_word' id='word_1_89' title='bbox 1135 1590 1197 1655; x_wconf 89' lang='lat' dir='ltr'><strong>sibi</strong></span> <span class='ocrx_word' id='word_1_90' title='bbox 1229 1591 1405 1655; x_wconf 87' lang='lat' dir='ltr'><strong>contrarias</strong></span> 
     </span>
     <span class='ocr_line' id='line_1_10' title="bbox 226 1697 1406 1779; baseline -0.003 -16"><span class='ocrx_word' id='word_1_91' title='bbox 226 1703 420 1779; x_wconf 87' lang='lat' dir='ltr'><strong>aspernetur</strong></span> <span class='ocrx_word' id='word_1_92' title='bbox 455 1701 552 1779; x_wconf 89' lang='lat' dir='ltr'><strong>atque</strong></span> <span class='ocrx_word' id='word_1_93' title='bbox 590 1697 704 1777; x_wconf 84' lang='lat' dir='ltr'><strong>oderit,</strong></span> <span class='ocrx_word' id='word_1_94' title='bbox 747 1701 784 1762; x_wconf 92' lang='lat' dir='ltr'><strong>ut</strong></span> <span class='ocrx_word' id='word_1_95' title='bbox 820 1697 947 1762; x_wconf 91' lang='lat' dir='ltr'><strong>bonitas</strong></span> <span class='ocrx_word' id='word_1_96' title='bbox 984 1697 1150 1777; x_wconf 89' lang='lat' dir='ltr'><strong>malitiam,</strong></span> <span class='ocrx_word' id='word_1_97' title='bbox 1192 1697 1406 1778; x_wconf 85' lang='lat' dir='ltr'><strong>temperantia</strong></span> 
     </span>
     <span class='ocr_line' id='line_1_11' title="bbox 227 1803 1405 1886; baseline -0.001 -18"><span class='ocrx_word' id='word_1_98' title='bbox 227 1804 403 1884; x_wconf 87' lang='lat' dir='ltr'><strong>libidinem,</strong></span> <span class='ocrx_word' id='word_1_99' title='bbox 441 1805 600 1886; x_wconf 83' lang='lat' dir='ltr'><strong>ignauiam</strong></span> <span class='ocrx_word' id='word_1_100' title='bbox 637 1803 803 1870; x_wconf 88' lang='lat' dir='ltr'><strong>fortitudo.</strong></span> <span class='ocrx_word' id='word_1_101' title='bbox 849 1805 960 1886; x_wconf 90' lang='lat' dir='ltr'><strong>itaque</strong></span> <span class='ocrx_word' id='word_1_102' title='bbox 993 1804 1104 1870; x_wconf 87' lang='lat' dir='ltr'><strong>videas</strong></span> <span class='ocrx_word' id='word_1_103' title='bbox 1141 1803 1237 1869; x_wconf 92' lang='lat' dir='ltr'><strong>rebus</strong></span> <span class='ocrx_word' id='word_1_104' title='bbox 1275 1805 1405 1868; x_wconf 91' lang='lat' dir='ltr'><strong>iniustis</strong></span> 
     </span>
     <span class='ocr_line' id='line_1_12' title="bbox 226 1900 1403 1992; baseline 0 -16"><span class='ocrx_word' id='word_1_105' title='bbox 226 1913 330 1977; x_wconf 88' lang='lat' dir='ltr'><strong>iustos</strong></span> <span class='ocrx_word' id='word_1_106' title='bbox 366 1913 502 1976; x_wconf 82' lang='lat' dir='ltr'><strong>maxime</strong></span> <span class='ocrx_word' id='word_1_107' title='bbox 530 1912 649 1991; x_wconf 90' lang='lat' dir='ltr'><strong>dolore,</strong></span> <span class='ocrx_word' id='word_1_108' title='bbox 684 1911 857 1976; x_wconf 90' lang='lat' dir='ltr'><strong>inbellibus</strong></span> <span class='ocrx_word' id='word_1_109' title='bbox 885 1909 997 1991; x_wconf 84' lang='lat' dir='ltr'><strong>fortes,</strong></span> <span class='ocrx_word' id='word_1_110' title='bbox 1029 1900 1202 1992; x_wconf 64' lang='lat' dir='ltr'><strong>‘flagitiosis</strong></span> <span class='ocrx_word' id='word_1_111' title='bbox 1229 1911 1403 1976; x_wconf 78' lang='lat' dir='ltr'><strong>modestos</strong></span> 
     </span>
     <span class='ocr_line' id='line_1_13' title="bbox 16 2017 1405 2100; baseline 0 -18"><span class='ocrx_word' id='word_1_112' title='bbox 16 2075 20 2082; x_wconf 87' lang='lat'><em>.</em></span> <span class='ocrx_word' id='word_1_113' title='bbox 227 2037 303 2100; x_wconf 83' lang='lat' dir='ltr'><strong>ergo</strong></span> <span class='ocrx_word' id='word_1_114' title='bbox 332 2018 392 2083; x_wconf 89' lang='lat' dir='ltr'><strong>hoo</strong></span> <span class='ocrx_word' id='word_1_115' title='bbox 419 2017 583 2100; x_wconf 91' lang='lat' dir='ltr'><strong>proprium</strong></span> <span class='ocrx_word' id='word_1_116' title='bbox 612 2024 663 2083; x_wconf 88' lang='lat' dir='ltr'><strong>est</strong></span> <span class='ocrx_word' id='word_1_117' title='bbox 690 2019 787 2083; x_wconf 90' lang='lat' dir='ltr'><strong>animi</strong></span> <span class='ocrx_word' id='word_1_118' title='bbox 814 2018 896 2083; x_wconf 90' lang='lat' dir='ltr'><strong>bene</strong></span> <span class='ocrx_word' id='word_1_119' title='bbox 922 2019 1100 2098; x_wconf 88' lang='lat' dir='ltr'><strong>constituti,</strong></span> <span class='ocrx_word' id='word_1_120' title='bbox 1129 2023 1163 2082; x_wconf 87' lang='lat' dir='ltr'><strong>et</strong></span> <span class='ocrx_word' id='word_1_121' title='bbox 1180 2018 1294 2082; x_wconf 87' lang='lat' dir='ltr'><strong>laetari</strong></span> <span class='ocrx_word' id='word_1_122' title='bbox 1313 2017 1405 2082; x_wconf 91' lang='lat' dir='ltr'><strong>bonis</strong></span> 
     </span>
     <span class='ocr_line' id='line_1_14' title="bbox 4 2125 1406 2216; baseline 0 -28"><span class='ocrx_word' id='word_1_123' title='bbox 4 2179 7 2188; x_wconf 41' lang='grc' dir='ltr'>ι</span> <span class='ocrx_word' id='word_1_124' title='bbox 95 2203 98 2210; x_wconf 17' lang='grc' dir='ltr'>λ</span> <span class='ocrx_word' id='word_1_125' title='bbox 174 2126 323 2216; x_wconf 76' lang='lat' dir='ltr'><strong>corebus</strong></span> <span class='ocrx_word' id='word_1_126' title='bbox 357 2131 393 2190; x_wconf 87' lang='lat' dir='ltr'><strong>et</strong></span> <span class='ocrx_word' id='word_1_127' title='bbox 420 2126 529 2190; x_wconf 91' lang='lat' dir='ltr'><strong>dolere</strong></span> <span class='ocrx_word' id='word_1_128' title='bbox 558 2127 737 2191; x_wconf 87' lang='lat' dir='ltr'><strong>contrariis.</strong></span> <span class='ocrx_word' id='word_1_129' title='bbox 785 2144 880 2207; x_wconf 86' lang='lat' dir='ltr'><strong>quarn</strong></span> <span class='ocrx_word' id='word_1_130' title='bbox 908 2125 948 2191; x_wconf 92' lang='lat' dir='ltr'><strong>ob</strong></span> <span class='ocrx_word' id='word_1_131' title='bbox 976 2143 1054 2205; x_wconf 89' lang='lat' dir='ltr'><strong>rem,</strong></span> <span class='ocrx_word' id='word_1_132' title='bbox 1090 2126 1118 2190; x_wconf 87' lang='lat' dir='ltr'><strong>si</strong></span> <span class='ocrx_word' id='word_1_133' title='bbox 1146 2125 1232 2189; x_wconf 86' lang='lat' dir='ltr'><strong>cadit</strong></span> <span class='ocrx_word' id='word_1_134' title='bbox 1259 2125 1292 2188; x_wconf 91' lang='lat' dir='ltr'><strong>in</strong></span> <span class='ocrx_word' id='word_1_135' title='bbox 1321 2125 1406 2205; x_wconf 87' lang='lat' dir='ltr'><strong>sapi-</strong></span> 
     </span>
     <span class='ocr_line' id='line_1_15' title="bbox 186 2231 1405 2315; baseline 0 -19"><span class='ocrx_word' id='word_1_136' title='bbox 186 2308 187 2311; x_wconf 15' lang='lat'><strong>,</strong></span> <span class='ocrx_word' id='word_1_137' title='bbox 228 2237 334 2296; x_wconf 90' lang='lat' dir='ltr'><strong>entem</strong></span> <span class='ocrx_word' id='word_1_138' title='bbox 370 2233 468 2296; x_wconf 86' lang='lat' dir='ltr'><strong>animi</strong></span> <span class='ocrx_word' id='word_1_139' title='bbox 503 2233 603 2312; x_wconf 91' lang='lat' dir='ltr'><strong>dolor,</strong></span> <span class='ocrx_word' id='word_1_140' title='bbox 640 2234 694 2315; x_wconf 94' lang='lat' dir='ltr'><strong>qui</strong></span> <span class='ocrx_word' id='word_1_141' title='bbox 729 2231 872 2314; x_wconf 87' lang='lat' dir='ltr'><strong>proiecto</strong></span> <span class='ocrx_word' id='word_1_142' title='bbox 907 2233 1002 2312; x_wconf 89' lang='lat' dir='ltr'><strong>cadit,</strong></span> <span class='ocrx_word' id='word_1_143' title='bbox 1038 2233 1101 2297; x_wconf 87' lang='lat' dir='ltr'><strong>nisi</strong></span> <span class='ocrx_word' id='word_1_144' title='bbox 1136 2251 1175 2296; x_wconf 85' lang='lat' dir='ltr'><strong>ex</strong></span> <span class='ocrx_word' id='word_1_145' title='bbox 1202 2233 1272 2296; x_wconf 88' lang='lat' dir='ltr'><strong>eius</strong></span> <span class='ocrx_word' id='word_1_146' title='bbox 1300 2233 1405 2296; x_wconf 88' lang='lat' dir='ltr'><strong>animo</strong></span> 
     </span>
     <span class='ocr_line' id='line_1_16' title="bbox 119 2333 1405 2434; baseline -0.002 -30"><span class='ocrx_word' id='word_1_147' title='bbox 119 2401 120 2404; x_wconf 74' lang='grc'>,</span> <span class='ocrx_word' id='word_1_148' title='bbox 170 2333 171 2336; x_wconf 61' lang='grc'>’</span> <span class='ocrx_word' id='word_1_149' title='bbox 229 2340 439 2420; x_wconf 87' lang='lat' dir='ltr'><strong>exstirpatam</strong></span> <span class='ocrx_word' id='word_1_150' title='bbox 467 2339 699 2414; x_wconf 88' lang='lat' dir='ltr'><strong>humanitatem</strong></span> <span class='ocrx_word' id='word_1_151' title='bbox 712 2339 930 2434; x_wconf 69' lang='lat' dir='ltr'><strong>arbitramur,</strong></span> <span class='ocrx_word' id='word_1_152' title='bbox 960 2358 1040 2421; x_wconf 89' lang='lat' dir='ltr'><strong>quae</strong></span> <span class='ocrx_word' id='word_1_153' title='bbox 1069 2357 1164 2404; x_wconf 86' lang='lat' dir='ltr'><strong>causa</strong></span> <span class='ocrx_word' id='word_1_154' title='bbox 1183 2343 1233 2403; x_wconf 86' lang='lat' dir='ltr'><strong>est</strong></span> <span class='ocrx_word' id='word_1_155' title='bbox 1252 2357 1308 2403; x_wconf 91' lang='lat' dir='ltr'><strong>cur</strong></span> <span class='ocrx_word' id='word_1_156' title='bbox 1326 2339 1405 2404; x_wconf 90' lang='lat' dir='ltr'><strong>ami·</strong></span> 
     </span>
     <span class='ocr_line' id='line_1_17' title="bbox 7 2435 1405 2528; baseline 0.001 -19"><span class='ocrx_word' id='word_1_157' title='bbox 7 2447 26 2462; x_wconf 87' lang='grc'><em>”</em></span> <span class='ocrx_word' id='word_1_158' title='bbox 103 2435 132 2509; x_wconf 90' lang='grc' dir='ltr'><em> </em></span> <span class='ocrx_word' id='word_1_159' title='bbox 229 2447 337 2510; x_wconf 89' lang='lat' dir='ltr'><strong>citiam</strong></span> <span class='ocrx_word' id='word_1_160' title='bbox 378 2444 523 2511; x_wconf 80' lang='lat' dir='ltr'><strong>funditus</strong></span> <span class='ocrx_word' id='word_1_161' title='bbox 564 2446 713 2511; x_wconf 91' lang='lat' dir='ltr'><strong>tollamus</strong></span> <span class='ocrx_word' id='word_1_162' title='bbox 752 2466 769 2510; x_wconf 95' lang='lat' dir='ltr'><strong>e</strong></span> <span class='ocrx_word' id='word_1_163' title='bbox 806 2447 882 2526; x_wconf 89' lang='lat' dir='ltr'><strong>vita,</strong></span> <span class='ocrx_word' id='word_1_164' title='bbox 923 2466 965 2511; x_wconf 91' lang='lat' dir='ltr'><strong>ne</strong></span> <span class='ocrx_word' id='word_1_165' title='bbox 1001 2447 1125 2528; x_wconf 85' lang='lat' dir='ltr'><strong>aliquas</strong></span> <span class='ocrx_word' id='word_1_166' title='bbox 1162 2449 1295 2527; x_wconf 89' lang='lat' dir='ltr'><strong>proptor</strong></span> <span class='ocrx_word' id='word_1_167' title='bbox 1335 2464 1405 2510; x_wconf 88' lang='lat' dir='ltr'><strong>eam</strong></span> 
     </span>
     <span class='ocr_line' id='line_1_18' title="bbox 31 2552 1404 2648; baseline 0 -30"><span class='ocrx_word' id='word_1_168' title='bbox 31 2639 35 2648; x_wconf 27' lang='grc' dir='ltr'><strong>ι</strong></span> <span class='ocrx_word' id='word_1_169' title='bbox 76 2637 77 2640; x_wconf 9' lang='lat'>¹</span> <span class='ocrx_word' id='word_1_170' title='bbox 230 2553 658 2634; x_wconf 83' lang='lat' dir='ltr'><strong>suscipiamusmolostias?</strong></span> <span class='ocrx_word' id='word_1_171' title='bbox 686 2554 763 2635; x_wconf 89' lang='lat' dir='ltr'><strong>quid</strong></span> <span class='ocrx_word' id='word_1_172' title='bbox 791 2556 876 2618; x_wconf 90' lang='lat' dir='ltr'><strong>enim</strong></span> <span class='ocrx_word' id='word_1_173' title='bbox 899 2555 1035 2618; x_wconf 88' lang='lat' dir='ltr'><strong>interest</strong></span> <span class='ocrx_word' id='word_1_174' title='bbox 1053 2559 1142 2618; x_wconf 92' lang='lat' dir='ltr'><strong>motu</strong></span> <span class='ocrx_word' id='word_1_175' title='bbox 1161 2553 1260 2618; x_wconf 89' lang='lat' dir='ltr'><strong>animi</strong></span> <span class='ocrx_word' id='word_1_176' title='bbox 1279 2552 1404 2618; x_wconf 87' lang='lat' dir='ltr'><strong>sublato</strong></span> 
     </span>
     <span class='ocr_line' id='line_1_19' title="bbox 18 2659 1406 2741; baseline -0.001 -16"><span class='ocrx_word' id='word_1_177' title='bbox 18 2667 24 2690; x_wconf 77' lang='lat'><strong><em>‘</em></strong></span> <span class='ocrx_word' id='word_1_178' title='bbox 53 2677 57 2682; x_wconf 88' lang='lat'>·</span> <span class='ocrx_word' id='word_1_179' title='bbox 151 2701 152 2704; x_wconf 58' lang='lat'><em>=</em></span> <span class='ocrx_word' id='word_1_180' title='bbox 229 2678 292 2725; x_wconf 92' lang='lat' dir='ltr'><strong>non</strong></span> <span class='ocrx_word' id='word_1_181' title='bbox 328 2661 397 2725; x_wconf 90' lang='lat' dir='ltr'><strong>dico</strong></span> <span class='ocrx_word' id='word_1_182' title='bbox 425 2662 510 2724; x_wconf 92' lang='lat' dir='ltr'><strong>inter</strong></span> <span class='ocrx_word' id='word_1_183' title='bbox 537 2661 690 2741; x_wconf 87' lang='lat' dir='ltr'><strong>pecudem</strong></span> <span class='ocrx_word' id='word_1_184' title='bbox 720 2666 753 2725; x_wconf 92' lang='lat' dir='ltr'><strong>et</strong></span> <span class='ocrx_word' id='word_1_185' title='bbox 780 2661 951 2740; x_wconf 87' lang='lat' dir='ltr'><strong>hominem,</strong></span> <span class='ocrx_word' id='word_1_186' title='bbox 988 2661 1045 2725; x_wconf 86' lang='lat' dir='ltr'><strong>sod</strong></span> <span class='ocrx_word' id='word_1_187' title='bbox 1072 2661 1157 2725; x_wconf 91' lang='lat' dir='ltr'><strong>inter</strong></span> <span class='ocrx_word' id='word_1_188' title='bbox 1183 2659 1344 2724; x_wconf 91' lang='lat' dir='ltr'><strong>hominem</strong></span> <span class='ocrx_word' id='word_1_189' title='bbox 1362 2665 1406 2723; x_wconf 68' lang='lat' dir='ltr'><strong>,et</strong></span> 
     </span>
     <span class='ocr_line' id='line_1_20' title="bbox 228 2753 1404 2850; baseline 0 -19"><span class='ocrx_word' id='word_1_190' title='bbox 228 2773 376 2832; x_wconf 90' lang='lat' dir='ltr'><strong>truncum</strong></span> <span class='ocrx_word' id='word_1_191' title='bbox 416 2772 473 2832; x_wconf 90' lang='lat' dir='ltr'><strong>aut</strong></span> <span class='ocrx_word' id='word_1_192' title='bbox 514 2786 624 2832; x_wconf 86' lang='lat' dir='ltr'><strong>saxum</strong></span> <span class='ocrx_word' id='word_1_193' title='bbox 666 2773 722 2832; x_wconf 87' lang='lat' dir='ltr'><strong>aut</strong></span> <span class='ocrx_word' id='word_1_194' title='bbox 759 2768 884 2850; x_wconf 91' lang='lat' dir='ltr'><strong>quidvis</strong></span> <span class='ocrx_word' id='word_1_195' title='bbox 921 2769 1048 2848; x_wconf 83' lang='lat' dir='ltr'><strong>generis</strong></span> <span class='ocrx_word' id='word_1_196' title='bbox 1082 2753 1257 2832; x_wconf 81' lang='lat' dir='ltr'><strong>eiusdem?</strong></span> <span class='ocrx_word' id='word_1_197' title='bbox 1301 2784 1404 2847; x_wconf 90' lang='lat' dir='ltr'><strong>neque</strong></span> 
     </span>
     <span class='ocr_line' id='line_1_21' title="bbox 229 2871 1404 2966; baseline -0.002 -28"><span class='ocrx_word' id='word_1_198' title='bbox 229 2875 313 2966; x_wconf 89' lang='lat' dir='ltr'><strong>enim</strong></span> <span class='ocrx_word' id='word_1_199' title='bbox 342 2880 418 2938; x_wconf 91' lang='lat' dir='ltr'><strong>sunt</strong></span> <span class='ocrx_word' id='word_1_200' title='bbox 445 2875 502 2939; x_wconf 85' lang='lat' dir='ltr'><strong>isti</strong></span> <span class='ocrx_word' id='word_1_201' title='bbox 529 2875 690 2954; x_wconf 90' lang='lat' dir='ltr'><strong>audiendi,</strong></span> <span class='ocrx_word' id='word_1_202' title='bbox 720 2876 774 2958; x_wconf 92' lang='lat' dir='ltr'><strong>qui</strong></span> <span class='ocrx_word' id='word_1_203' title='bbox 802 2875 955 2939; x_wconf 87' lang='lat' dir='ltr'><strong>virtutem</strong></span> <span class='ocrx_word' id='word_1_204' title='bbox 974 2875 1085 2939; x_wconf 88' lang='lat' dir='ltr'><strong>duram</strong></span> <span class='ocrx_word' id='word_1_205' title='bbox 1105 2879 1139 2938; x_wconf 87' lang='lat' dir='ltr'><strong>et</strong></span> <span class='ocrx_word' id='word_1_206' title='bbox 1158 2875 1250 2955; x_wconf 90' lang='lat' dir='ltr'><strong>quasi</strong></span> <span class='ocrx_word' id='word_1_207' title='bbox 1268 2871 1404 2938; x_wconf 84' lang='lat' dir='ltr'><strong>ferream</strong></span> 
     </span>
     <span class='ocr_line' id='line_1_22' title="bbox 153 2979 1404 3063; baseline -0.001 -18"><span class='ocrx_word' id='word_1_208' title='bbox 153 3005 155 3008; x_wconf 94' lang='lat'>·</span> <span class='ocrx_word' id='word_1_209' title='bbox 230 2999 300 3046; x_wconf 85' lang='lat' dir='ltr'><strong>esse</strong></span> <span class='ocrx_word' id='word_1_210' title='bbox 330 2981 487 3062; x_wconf 90' lang='lat' dir='ltr'><strong>quandam</strong></span> <span class='ocrx_word' id='word_1_211' title='bbox 515 2981 643 3060; x_wconf 88' lang='lat' dir='ltr'><strong>volunt;</strong></span> <span class='ocrx_word' id='word_1_212' title='bbox 673 2999 753 3063; x_wconf 90' lang='lat' dir='ltr'><strong>quae</strong></span> <span class='ocrx_word' id='word_1_213' title='bbox 783 2981 910 3062; x_wconf 89' lang='lat' dir='ltr'><strong>quidem</strong></span> <span class='ocrx_word' id='word_1_214' title='bbox 939 2986 990 3045; x_wconf 90' lang='lat' dir='ltr'><strong>est</strong></span> <span class='ocrx_word' id='word_1_215' title='bbox 1018 2999 1089 3045; x_wconf 86' lang='lat' dir='ltr'><strong>curn</strong></span> <span class='ocrx_word' id='word_1_216' title='bbox 1115 2981 1224 3045; x_wconf 89' lang='lat' dir='ltr'><strong>multis</strong></span> <span class='ocrx_word' id='word_1_217' title='bbox 1244 2981 1277 3044; x_wconf 92' lang='lat' dir='ltr'><strong>in</strong></span> <span class='ocrx_word' id='word_1_218' title='bbox 1296 2979 1404 3056; x_wconf 84' lang='lat' dir='ltr'><strong>rebus,</strong></span> 
     </span>
     <span class='ocr_line' id='line_1_23' title="bbox 229 3087 1404 3170; baseline -0.001 -18"><span class='ocrx_word' id='word_1_219' title='bbox 229 3092 297 3152; x_wconf 91' lang='lat' dir='ltr'><strong>tum</strong></span> <span class='ocrx_word' id='word_1_220' title='bbox 332 3089 365 3152; x_wconf 91' lang='lat' dir='ltr'><strong>in</strong></span> <span class='ocrx_word' id='word_1_221' title='bbox 399 3089 540 3153; x_wconf 90' lang='lat' dir='ltr'><strong>amicitia</strong></span> <span class='ocrx_word' id='word_1_222' title='bbox 574 3095 686 3153; x_wconf 88' lang='lat' dir='ltr'><strong>tenera</strong></span> <span class='ocrx_word' id='word_1_223' title='bbox 718 3093 814 3170; x_wconf 89' lang='lat' dir='ltr'><strong>atque</strong></span> <span class='ocrx_word' id='word_1_224' title='bbox 842 3088 1030 3167; x_wconf 85' lang='lat' dir='ltr'><strong>tractabilis,</strong></span> <span class='ocrx_word' id='word_1_225' title='bbox 1065 3092 1101 3152; x_wconf 88' lang='lat' dir='ltr'><strong>ut</strong></span> <span class='ocrx_word' id='word_1_226' title='bbox 1131 3093 1164 3152; x_wconf 87' lang='lat' dir='ltr'><strong>ot</strong></span> <span class='ocrx_word' id='word_1_227' title='bbox 1190 3088 1283 3152; x_wconf 89' lang='lat' dir='ltr'><strong>bonis</strong></span> <span class='ocrx_word' id='word_1_228' title='bbox 1310 3087 1404 3152; x_wconf 88' lang='lat' dir='ltr'><strong>amici</strong></span> 
     </span>
     <span class='ocr_line' id='line_1_24' title="bbox 230 3193 1404 3276; baseline 0 -18"><span class='ocrx_word' id='word_1_229' title='bbox 230 3195 322 3276; x_wconf 87' lang='lat' dir='ltr'><strong>quasi</strong></span> <span class='ocrx_word' id='word_1_230' title='bbox 356 3193 552 3260; x_wconf 85' lang='lat' dir='ltr'><strong>diffundatur</strong></span> <span class='ocrx_word' id='word_1_231' title='bbox 586 3201 619 3260; x_wconf 90' lang='lat' dir='ltr'><strong>et</strong></span> <span class='ocrx_word' id='word_1_232' title='bbox 646 3194 854 3260; x_wconf 89' lang='lat' dir='ltr'><strong>incommodis</strong></span> <span class='ocrx_word' id='word_1_233' title='bbox 883 3195 1098 3260; x_wconf 86' lang='lat' dir='ltr'><strong>contrahatur.</strong></span> <span class='ocrx_word' id='word_1_234' title='bbox 1126 3213 1240 3276; x_wconf 87' lang='lat' dir='ltr'><strong>-quam</strong></span> <span class='ocrx_word' id='word_1_235' title='bbox 1268 3193 1309 3258; x_wconf 95' lang='lat' dir='ltr'><strong>ob</strong></span> <span class='ocrx_word' id='word_1_236' title='bbox 1336 3212 1404 3258; x_wconf 90' lang='lat' dir='ltr'><strong>rom</strong></span> 
     </span>
     <span class='ocr_line' id='line_1_25' title="bbox 229 3285 1403 3384; baseline -0.001 -19"><span class='ocrx_word' id='word_1_237' title='bbox 229 3320 328 3382; x_wconf 84' lang='lat' dir='ltr'><strong>angor</strong></span> <span class='ocrx_word' id='word_1_238' title='bbox 360 3303 433 3381; x_wconf 90' lang='lat' dir='ltr'><strong>iste,</strong></span> <span class='ocrx_word' id='word_1_239' title='bbox 470 3303 524 3384; x_wconf 93' lang='lat' dir='ltr'><strong>qui</strong></span> <span class='ocrx_word' id='word_1_240' title='bbox 552 3321 609 3384; x_wconf 94' lang='lat' dir='ltr'><strong>pro</strong></span> <span class='ocrx_word' id='word_1_241' title='bbox 638 3303 739 3368; x_wconf 89' lang='lat' dir='ltr'><strong>amico</strong></span> <span class='ocrx_word' id='word_1_242' title='bbox 768 3320 864 3384; x_wconf 90' lang='lat' dir='ltr'><strong>saepe</strong></span> <span class='ocrx_word' id='word_1_243' title='bbox 892 3302 1064 3383; x_wconf 86' lang='lat' dir='ltr'><strong>capiendus</strong></span> <span class='ocrx_word' id='word_1_244' title='bbox 1090 3285 1153 3381; x_wconf 81' lang='lat' dir='ltr'><strong>est,</strong></span> <span class='ocrx_word' id='word_1_245' title='bbox 1189 3319 1252 3365; x_wconf 94' lang='lat' dir='ltr'><strong>non</strong></span> <span class='ocrx_word' id='word_1_246' title='bbox 1280 3305 1403 3365; x_wconf 87' lang='lat' dir='ltr'><strong>tantum</strong></span> 
     </span>
     <span class='ocr_line' id='line_1_26' title="bbox 223 3409 1403 3490; baseline 0 -19"><span class='ocrx_word' id='word_1_247' title='bbox 223 3409 324 3488; x_wconf 82' lang='lat' dir='ltr'><strong>ualet,</strong></span> <span class='ocrx_word' id='word_1_248' title='bbox 353 3414 390 3473; x_wconf 87' lang='lat' dir='ltr'><strong>ut</strong></span> <span class='ocrx_word' id='word_1_249' title='bbox 417 3409 510 3473; x_wconf 87' lang='lat' dir='ltr'><strong>tollat</strong></span> <span class='ocrx_word' id='word_1_250' title='bbox 538 3427 555 3474; x_wconf 89' lang='lat' dir='ltr'><strong>e</strong></span> <span class='ocrx_word' id='word_1_251' title='bbox 585 3411 649 3474; x_wconf 88' lang='lat' dir='ltr'><strong>vita</strong></span> <span class='ocrx_word' id='word_1_252' title='bbox 676 3410 858 3489; x_wconf 87' lang='lat' dir='ltr'><strong>amicitiam,</strong></span> <span class='ocrx_word' id='word_1_253' title='bbox 887 3428 951 3478; x_wconf 93' lang='lat' dir='ltr'><strong>non</strong></span> <span class='ocrx_word' id='word_1_254' title='bbox 978 3410 1050 3490; x_wconf 89' lang='lat' dir='ltr'><strong>plus</strong></span> <span class='ocrx_word' id='word_1_255' title='bbox 1080 3427 1174 3490; x_wconf 89' lang='lat' dir='ltr'><strong>quam</strong></span> <span class='ocrx_word' id='word_1_256' title='bbox 1199 3413 1237 3472; x_wconf 86' lang='lat' dir='ltr'><strong>ut</strong></span> <span class='ocrx_word' id='word_1_257' title='bbox 1254 3409 1403 3487; x_wconf 88' lang='lat' dir='ltr'><strong>virtutes,</strong></span> 
     </span>
    </p>

    <p class='ocr_par' dir='ltr' id='par_1_3' title="bbox 63 3505 1404 4347">
     <span class='ocr_line' id='line_1_27' title="bbox 230 3505 1335 3604; baseline 0 -26"><span class='ocrx_word' id='word_1_258' title='bbox 230 3516 304 3596; x_wconf 88' lang='lat' dir='ltr'><strong>quia</strong></span> <span class='ocrx_word' id='word_1_259' title='bbox 332 3534 395 3581; x_wconf 92' lang='lat' dir='ltr'><strong>non</strong></span> <span class='ocrx_word' id='word_1_260' title='bbox 423 3516 534 3604; x_wconf 86' lang='lat' dir='ltr'><strong>nullas</strong></span> <span class='ocrx_word' id='word_1_261' title='bbox 555 3505 647 3582; x_wconf 84' lang='lat' dir='ltr'><strong>ouras</strong></span> <span class='ocrx_word' id='word_1_262' title='bbox 676 3522 709 3580; x_wconf 88' lang='lat' dir='ltr'><strong>et</strong></span> <span class='ocrx_word' id='word_1_263' title='bbox 736 3516 901 3582; x_wconf 89' lang='lat' dir='ltr'><strong>molestias</strong></span> <span class='ocrx_word' id='word_1_264' title='bbox 929 3514 1087 3595; x_wconf 78' lang='lat' dir='ltr'><strong>adierunt,</strong></span> <span class='ocrx_word' id='word_1_265' title='bbox 1115 3516 1335 3596; x_wconf 89' lang='lat' dir='ltr'><strong>repudientur.</strong></span> 
     </span>
     <span class='ocr_line' id='line_1_28' title="bbox 157 3600 1404 3704; baseline -0.001 -18"><span class='ocrx_word' id='word_1_266' title='bbox 157 3646 210 3701; x_wconf 81' lang='lat'><strong>.14</strong></span> <span class='ocrx_word' id='word_1_267' title='bbox 319 3620 399 3686; x_wconf 82' lang='lat' dir='ltr'><strong>Cum</strong></span> <span class='ocrx_word' id='word_1_268' title='bbox 433 3600 552 3688; x_wconf 53' lang='lat' dir='ltr'><strong>eutom‘</strong></span> <span class='ocrx_word' id='word_1_269' title='bbox 573 3623 741 3688; x_wconf 86' lang='lat' dir='ltr'><strong>contrahat</strong></span> <span class='ocrx_word' id='word_1_270' title='bbox 767 3623 949 3702; x_wconf 86' lang='lat' dir='ltr'><strong>amicitiam,</strong></span> <span class='ocrx_word' id='word_1_271' title='bbox 984 3628 1021 3687; x_wconf 93' lang='lat' dir='ltr'><strong>ut</strong></span> <span class='ocrx_word' id='word_1_272' title='bbox 1049 3641 1147 3704; x_wconf 89' lang='lat' dir='ltr'><strong>supra</strong></span> <span class='ocrx_word' id='word_1_273' title='bbox 1174 3623 1250 3702; x_wconf 85' lang='lat' dir='ltr'><strong>dixi,</strong></span> <span class='ocrx_word' id='word_1_274' title='bbox 1285 3622 1314 3685; x_wconf 89' lang='lat' dir='ltr'><strong>si</strong></span> <span class='ocrx_word' id='word_1_275' title='bbox 1342 3639 1404 3702; x_wconf 88' lang='lat' dir='ltr'><strong>qua</strong></span> 
     </span>
     <span class='ocr_line' id='line_1_29' title="bbox 229 3718 1403 3818; baseline -0.001 -26"><span class='ocrx_word' id='word_1_276' title='bbox 229 3727 427 3818; x_wconf 18' lang='lat' dir='ltr'><strong>significatio,</strong></span> <span class='ocrx_word' id='word_1_277' title='bbox 455 3731 584 3796; x_wconf 85' lang='lat' dir='ltr'><strong>virtutis</strong></span> <span class='ocrx_word' id='word_1_278' title='bbox 620 3731 753 3810; x_wconf 86' lang='lat' dir='ltr'><strong>eluceat,</strong></span> <span class='ocrx_word' id='word_1_279' title='bbox 788 3730 957 3812; x_wconf 87' lang='lat' dir='ltr'><strong>adquam</strong></span> <span class='ocrx_word' id='word_1_280' title='bbox 990 3749 1025 3795; x_wconf 90' lang='lat' dir='ltr'><strong>se</strong></span> <span class='ocrx_word' id='word_1_281' title='bbox 1054 3730 1168 3794; x_wconf 87' lang='lat' dir='ltr'><strong>similis</strong></span> <span class='ocrx_word' id='word_1_282' title='bbox 1195 3729 1320 3794; x_wconf 91' lang='lat' dir='ltr'><strong>animus</strong></span> <span class='ocrx_word' id='word_1_283' title='bbox 1342 3718 1403 3792; x_wconf 55' lang='lat' dir='ltr'><strong>‘ad-</strong></span> 
     </span>
     <span class='ocr_line' id='line_1_30' title="bbox 228 3835 1403 3920; baseline -0.001 -20"><span class='ocrx_word' id='word_1_284' title='bbox 228 3835 325 3916; x_wconf 88' lang='lat' dir='ltr'><strong>plicet</strong></span> <span class='ocrx_word' id='word_1_285' title='bbox 359 3841 393 3901; x_wconf 90' lang='lat' dir='ltr'><strong>et</strong></span> <span class='ocrx_word' id='word_1_286' title='bbox 426 3839 589 3920; x_wconf 84' lang='lat' dir='ltr'><strong>adiungat,</strong></span> <span class='ocrx_word' id='word_1_287' title='bbox 624 3838 658 3902; x_wconf 89' lang='lat' dir='ltr'><strong>id</strong></span> <span class='ocrx_word' id='word_1_288' title='bbox 686 3856 755 3902; x_wconf 91' lang='lat' dir='ltr'><strong>cum</strong></span> <span class='ocrx_word' id='word_1_289' title='bbox 785 3838 928 3919; x_wconf 81' lang='lat' dir='ltr'><strong>contigit,</strong></span> <span class='ocrx_word' id='word_1_290' title='bbox 964 3855 1055 3902; x_wconf 90' lang='lat' dir='ltr'><strong>amor</strong></span> <span class='ocrx_word' id='word_1_291' title='bbox 1082 3837 1244 3902; x_wconf 85' lang='lat' dir='ltr'><strong>exoriatur</strong></span> <span class='ocrx_word' id='word_1_292' title='bbox 1271 3853 1403 3900; x_wconf 82' lang='lat' dir='ltr'><strong>necesse</strong></span> 
     </span>
     <span class='ocr_line' id='line_1_31' title="bbox 63 3927 1402 4026; baseline -0.001 -19"><span class='ocrx_word' id='word_1_293' title='bbox 63 3979 70 3992; x_wconf 91' lang='lat'>·</span> <span class='ocrx_word' id='word_1_294' title='bbox 173 3967 206 4017; x_wconf 83' lang='lat'><strong>49</strong></span> <span class='ocrx_word' id='word_1_295' title='bbox 227 3950 287 4007; x_wconf 88' lang='lat' dir='ltr'><strong>est.</strong></span> <span class='ocrx_word' id='word_1_296' title='bbox 335 3944 412 4026; x_wconf 88' lang='lat' dir='ltr'><strong>quid</strong></span> <span class='ocrx_word' id='word_1_297' title='bbox 446 3946 530 4010; x_wconf 89' lang='lat' dir='ltr'><strong>enim</strong></span> <span class='ocrx_word' id='word_1_298' title='bbox 565 3951 630 4010; x_wconf 89' lang='lat' dir='ltr'><strong>tam</strong></span> <span class='ocrx_word' id='word_1_299' title='bbox 658 3944 831 4009; x_wconf 85' lang='lat' dir='ltr'><strong>absurdum</strong></span> <span class='ocrx_word' id='word_1_300' title='bbox 860 3963 953 4026; x_wconf 87' lang='lat' dir='ltr'><strong>quem</strong></span> <span class='ocrx_word' id='word_1_301' title='bbox 983 3945 1135 4009; x_wconf 88' lang='lat' dir='ltr'><strong>delectari</strong></span> <span class='ocrx_word' id='word_1_302' title='bbox 1162 3927 1272 4007; x_wconf 89' lang='lat' dir='ltr'><strong>multis</strong></span> <span class='ocrx_word' id='word_1_303' title='bbox 1300 3942 1402 4006; x_wconf 92' lang='lat' dir='ltr'><strong>inani·</strong></span> 
     </span>
     <span class='ocr_line' id='line_1_32' title="bbox 226 4049 1402 4133; baseline 0.001 -20"><span class='ocrx_word' id='word_1_304' title='bbox 226 4050 286 4114; x_wconf 91' lang='lat' dir='ltr'><strong>mis</strong></span> <span class='ocrx_word' id='word_1_305' title='bbox 325 4050 433 4131; x_wconf 90' lang='lat' dir='ltr'><strong>rebus,</strong></span> <span class='ocrx_word' id='word_1_306' title='bbox 471 4059 509 4115; x_wconf 87' lang='lat' dir='ltr'><strong>nt</strong></span> <span class='ocrx_word' id='word_1_307' title='bbox 544 4052 675 4132; x_wconf 89' lang='lat' dir='ltr'><strong>honore,</strong></span> <span class='ocrx_word' id='word_1_308' title='bbox 712 4057 749 4117; x_wconf 90' lang='lat' dir='ltr'><strong>ut</strong></span> <span class='ocrx_word' id='word_1_309' title='bbox 786 4051 896 4133; x_wconf 84' lang='lat' dir='ltr'><strong>gloria,</strong></span> <span class='ocrx_word' id='word_1_310' title='bbox 934 4057 971 4115; x_wconf 91' lang='lat' dir='ltr'><strong>ut</strong></span> <span class='ocrx_word' id='word_1_311' title='bbox 1007 4049 1162 4130; x_wconf 88' lang='lat' dir='ltr'><strong>aedificio,</strong></span> <span class='ocrx_word' id='word_1_312' title='bbox 1204 4054 1241 4114; x_wconf 88' lang='lat' dir='ltr'><strong>ut</strong></span> <span class='ocrx_word' id='word_1_313' title='bbox 1281 4051 1402 4114; x_wconf 87' lang='lat' dir='ltr'><strong>vestitu</strong></span> 
     </span>
     <span class='ocr_line' id='line_1_33' title="bbox 226 4155 1402 4239; baseline 0.001 -21"><span class='ocrx_word' id='word_1_314' title='bbox 226 4158 376 4237; x_wconf 90' lang='lat' dir='ltr'><strong>cultuque</strong></span> <span class='ocrx_word' id='word_1_315' title='bbox 404 4159 558 4238; x_wconf 89' lang='lat' dir='ltr'><strong>corporis,</strong></span> <span class='ocrx_word' id='word_1_316' title='bbox 584 4160 746 4223; x_wconf 87' lang='lat' dir='ltr'><strong>animante</strong></span> <span class='ocrx_word' id='word_1_317' title='bbox 774 4160 891 4224; x_wconf 88' lang='lat' dir='ltr'><strong>virtute</strong></span> <span class='ocrx_word' id='word_1_318' title='bbox 910 4158 1066 4239; x_wconf 87' lang='lat' dir='ltr'><strong>praedito,</strong></span> <span class='ocrx_word' id='word_1_319' title='bbox 1095 4176 1133 4223; x_wconf 89' lang='lat' dir='ltr'><strong>oo</strong></span> <span class='ocrx_word' id='word_1_320' title='bbox 1146 4158 1208 4238; x_wconf 85' lang='lat' dir='ltr'><strong>¹qui</strong></span> <span class='ocrx_word' id='word_1_321' title='bbox 1226 4155 1277 4221; x_wconf 92' lang='lat' dir='ltr'><strong>vel</strong></span> <span class='ocrx_word' id='word_1_322' title='bbox 1295 4174 1402 4220; x_wconf 86' lang='lat' dir='ltr'><strong>amare</strong></span> 
     </span>
     <span class='ocr_line' id='line_1_34' title="bbox 226 4249 1403 4347; baseline 0.001 -22"><span class='ocrx_word' id='word_1_323' title='bbox 226 4262 285 4342; x_wconf 78' lang='lat' dir='ltr'><strong>uel,</strong></span> <span class='ocrx_word' id='word_1_324' title='bbox 321 4268 358 4329; x_wconf 92' lang='lat' dir='ltr'><strong>ut</strong></span> <span class='ocrx_word' id='word_1_325' title='bbox 384 4263 431 4328; x_wconf 90' lang='lat' dir='ltr'><strong>ita</strong></span> <span class='ocrx_word' id='word_1_326' title='bbox 458 4265 571 4346; x_wconf 87' lang='lat' dir='ltr'><strong>dicam,</strong></span> <span class='ocrx_word' id='word_1_327' title='bbox 599 4266 764 4331; x_wconf 88' lang='lat' dir='ltr'><strong>redamare</strong></span> <span class='ocrx_word' id='word_1_328' title='bbox 792 4266 905 4347; x_wconf 87' lang='lat' dir='ltr'><strong>possit,</strong></span> <span class='ocrx_word' id='word_1_329' title='bbox 934 4285 998 4331; x_wconf 93' lang='lat' dir='ltr'><strong>non</strong></span> <span class='ocrx_word' id='word_1_330' title='bbox 1025 4265 1197 4330; x_wconf 90' lang='lat' dir='ltr'><strong>admodum</strong></span> <span class='ocrx_word' id='word_1_331' title='bbox 1226 4249 1403 4330; x_wconf 82' lang='lat' dir='ltr'><strong>delectari?</strong></span> 
     </span>
    </p>
   </div>
   <div class='ocr_carea' id='block_1_3' title="bbox 0 0 1652 4754">
    <p class='ocr_par' dir='ltr' id='par_1_4' title="bbox 0 0 1652 4754">
     <span class='ocr_line' id='line_1_35' title="bbox 0 0 1652 4754; baseline 0 0"><span class='ocrx_word' id='word_1_332' title='bbox 0 0 1652 4754; x_wconf 95' lang='lat' dir='ltr'><strong> </strong></span> 
     </span>
    </p>
   </div>
  </div>
 </body>
</html>
