3296 4754
468 584 561 641 1111
581 585 702 640 Maron
721 585 771 640 nn
791 583 1008 641 1111111111
1027 585 1142 638 11-11.
1263 614 1266 623 ι
1353 591 1392 650 21
1492 643 1494 650 J
1591 560 1622 598 ²

216 810 331 891 officio,
368 808 452 893 quod
486 809 651 876 hominum
686 809 796 891 generi
831 809 980 874 universo
1016 809 1140 874 cultura
1166 825 1316 890 agrorum
1345 814 1396 874 est
1462 836 1469 844 ·

219 918 381 998 sabrtaris,
409 917 467 982 sed
485 920 519 982 et
536 916 759 996 delectatione,
787 934 882 998 quam
901 916 977 996 dixi,
998 919 1031 980 et
1050 916 1222 980 saturitate
1240 917 1395 1000 copiaque

214 1005 324 1091 rerum
359 1025 510 1105 omnium,
547 1042 628 1106 quae
656 1023 698 1088 ad
724 1024 842 1088 vietum
870 1022 1045 1102 hominum,
1080 1023 1121 1087 ad
1149 1023 1267 1087 cultum
1296 1025 1394 1088 etiam

218 1133 350 1198 deorum
387 1131 561 1213 pertinent,
597 1134 644 1210 ut,
682 1131 832 1212 quoniam
866 1129 945 1194 haee
973 1129 1101 1211 quidam
1128 1129 1323 1210 desiderant,
1360 1131 1422 1224 111Ι

217 1241 353 1321 gratiam
395 1239 459 1305 iam
496 1256 568 1304 cum
603 1238 769 1318 voluptate
805 1235 984 1302 redeamus.
1032 1254 1159 1318 semper
1196 1237 1281 1302 enim
1317 1237 1393 1302 boni
1460 1227 1487 1240 ”
1567 1228 1568 1236 '

216 1348 403 1428 assiduique
432 1345 553 1410 domini
580 1343 700 1409 referta
725 1343 805 1410 cella
823 1345 957 1423 vinaria,
986 1343 1115 1424 olearia,
1144 1344 1241 1408 etiam
1259 1345 1392 1426 penaria
1436 1369 1445 1434 a
1465 1351 1471 1360 ”
1560 1387 1563 1394 f

217 1458 267 1517 est
302 1453 440 1534 villaque
467 1456 537 1517 tota
564 1450 706 1533 locuples
734 1454 803 1516 est:
839 1450 980 1516 abundat
1006 1468 1114 1532 porco,
1148 1450 1262 1532 haedo,
1297 1469 1390 1533 agno,
1476 1489 1526 1526 a
1614 1459 1637 1550 ᾖ

178 1635 181 1640 Ι
215 1559 344 1640 gallina,
371 1560 465 1639 laute,
494 1577 597 1638 caseo,
626 1558 729 1623 melle.
772 1558 837 1621 iam
865 1557 992 1622 hortum
1020 1557 1089 1640 ipsi
1108 1558 1270 1639 agricolae
1290 1559 1390 1622 succi·

215 1666 300 1730 diam
335 1666 469 1731 alteram
504 1665 677 1748 appellant.
725 1664 903 1730 conditiora
934 1662 1012 1728 iacit
1038 1664 1118 1728 haee
1146 1651 1390 1746 supervacaneis

215 1775 312 1848 etiam
340 1773 447 1854 operis
476 1772 646 1854 aucupium
674 1775 770 1854 atque
794 1772 933 1836 venatio.
975 1770 1112 1852 quidde
1132 1775 1295 1853 pratorum
1313 1772 1390 1836 viri·
1410 1780 1443 1830 11

214 1880 317 1945 ditate
332 1883 398 1954 ‚aut
424 1881 573 1944 arborum
593 1877 757 1948 ordinibus
778 1881 834 1942 aut
851 1879 1016 1944 vinearum
1036 1877 1263 1943 olivetorumve
1283 1879 1390 1960 specie

213 1988 305 2068 plura
333 1986 460 2052 dicam?
499 1985 590 2051 brevi
617 1985 816 2067 praecidam:
845 2004 922 2066 agro
951 1985 1032 2050 bene
1061 1984 1145 2049 culto
1172 1985 1254 2049 nihil
1281 1988 1390 2067 potest

213 2112 285 2159 esse
312 2111 371 2158 nec
398 2112 459 2158 usu
486 2092 617 2158 uberius
645 2110 705 2158 nec
730 2093 836 2174 specie
856 2093 1018 2171 ornatius;
1047 2091 1089 2156 ad
1108 2088 1202 2173 quem
1220 2089 1389 2156 fruendum

212 2219 275 2265 non
310 2201 403 2266 modo
418 2247 420 2252 -
438 2218 502 2265 non
529 2199 684 2279 retardat,
718 2218 828 2264 verum
857 2200 954 2264 etiam
981 2198 1098 2264 invitat
1125 2203 1222 2281 atque
1251 2198 1390 2264 adlectat

214 2312 372 2372 senectus.
419 2306 474 2371 ubi
503 2308 587 2372 enim
615 2310 725 2387 potest
751 2306 807 2369 illa
835 2310 925 2370 aetas
954 2309 1011 2370 1111
1038 2306 1196 2372 calescere
1223 2307 1275 2371 vel
1303 2307 1389 2388 apri·

213 2415 337 2479 catione
371 2415 485 2478 melius
517 2413 569 2478 vel
595 2413 663 2495 igni
691 2415 747 2476 aut
773 2413 916 2478 vicissim
942 2412 1064 2477 umbris
1093 2413 1225 2494 aquisve
1252 2411 1387 2496 refrige-

212 2522 277 2587 rari
312 2519 496 2587 salubrius?
541 2519 604 2584 sibi
638 2519 778 2585 habeant
812 2520 912 2601 igitur
946 2537 1045 2599 arma,
1082 2519 1144 2584 sibi
1180 2537 1290 2602 equos,
1325 2519 1388 2584 sibi
1408 2526 1466 2578 58*
1535 2551 1538 2558 ·

212 2628 334 2708 hastas,
370 2628 432 2692 sibi
467 2628 588 2692 clavam
622 2630 655 2691 et
690 2627 797 2709 pilam,
833 2626 895 2691 sibi
923 2626 1112 2694 natationes.
1133 2629 1230 2708 atque
1258 2645 1387 2706 cursus3

212 2734 304 2799 nobis
334 2734 464 2800 senibus
493 2752 532 2799 ex
550 2733 729 2798 lusionibus
749 2734 859 2798 multis
879 2733 962 2798 talos
981 2733 1169 2815 relinquant
1184 2742 1217 2798 et
1234 2736 1386 2814 tesseras,

211 2840 246 2905 id
273 2842 379 2924 ipsum
406 2845 513 2906 utrum
541 2840 665 2919 libebit,
695 2841 844 2922 quoniam
872 2841 942 2904 sine
966 2841 1013 2904 eis
1032 2839 1128 2905 beata
1147 2858 1219 2905 esse
1239 2844 1387 2905 senectus

213 2952 330 3030 potest.
372 2948 490 3013 multas
519 2947 639 3012 adres
668 2947 823 3028 perutiles
851 2945 1073 3030 Xenophontis
1091 2946 1166 3011 libri
1186 2951 1278 3027 sunt3
1307 2965 1387 3030 quos
1406 2917 1446 3044 {J

210 3055 320 3137 legite,
349 3072 479 3137 quaeso,
508 3054 663 3133 studiose,
691 3058 728 3120 ut
754 3051 870 3118 facitis.
914 3072 1008 3135 quam
1034 3053 1162 3136 copiose
1188 3055 1228 3118 ab
1255 3073 1292 3120 eo
1318 3055 1389 3136 agri

212 3162 336 3226 cultura
364 3161 514 3227 laudatur
540 3161 574 3226 in
602 3178 640 3224 eo
668 3159 761 3239 libro,
790 3160 845 3242 qui
873 3163 924 3224 est
952 3160 991 3224 de
1019 3160 1139 3225 tuenda
1166 3178 1201 3225 re
1226 3155 1414 3239 familiari,

212 3270 267 3351 qui
294 3268 523 3334 Oeconomicus
564 3265 766 3332 inscribitur!
812 3270 910 3349 atque
948 3270 986 3333 ut
1019 3267 1216 3349 intellegatis
1250 3267 1331 3332 nihil
1358 3270 1388 3333 ei

210 3380 277 3440 tam
305 3375 413 3457 regale
440 3374 542 3440 videri
571 3392 665 3456 quam
694 3374 836 3438 studium
864 3375 934 3456 agri
963 3374 1098 3453 colendi,
1128 3373 1277 3440 Socrates
1297 3375 1330 3439 in
1350 3393 1386 3440 eo

211 3481 292 3548 libro
315 3482 459 3564 loquitur
476 3501 547 3547 cum
567 3479 731 3546 Critobulo
751 3478 869 3563 Cyrum
887 3483 1054 3562 minorem,
1077 3482 1249 3546 Persarum
1266 3499 1399 3564 regem,-

210 3593 429 3671 praestantem
455 3589 583 3671 ingenio
609 3592 707 3670 atque
729 3588 857 3669 imperii
876 3588 989 3669 gloria,
1015 3606 1087 3654 cum
1105 3587 1271 3672 Lysander
1289 3589 1387 3655 Lace-

211 3695 408 3776 daemonius,
433 3695 483 3760 vir
508 3713 651 3760 summae
678 3695 818 3776 virtutis
843 3697 986 3760 venisset
1004 3694 1046 3759 ad
1064 3714 1137 3760 eum
1156 3693 1273 3761 Sardes
1293 3697 1386 3779 eique

210 3804 294 3868 dona
328 3823 347 3867 a
382 3803 477 3868 sociis
512 3802 693 3881 adtulisset,
731 3807 764 3867 et
801 3803 916 3867 ceteris
952 3803 986 3866 in
1020 3802 1117 3867 rebus
1153 3821 1273 3868 comem
1310 3822 1385 3885 erga

209 3909 409 3993 Lysandrum
437 3913 534 3990 atque
561 3908 734 3974 humanum
761 3907 863 3974 fuisse
890 3915 924 3974 et
949 3910 980 3974 ei
1000 3910 1158 3992 quendam
1178 3909 1385 3992 consaeptum

209 4034 323 4099 agrum
357 4017 528 4098 diligenter
562 4017 720 4096 consitum
757 4015 950 4088 ostendisse.
997 4035 1069 4082 eum
1103 4020 1211 4082 autem
1246 4018 1385 4083 admira-

208 4128 299 4189 retur
325 4122 490 4208 Lysander
517 4127 550 4187 et
577 4123 788 4203 proceritates
817 4123 966 4188 arborum
995 4129 1028 4188 et
1056 4123 1201 4189 derectos
1230 4125 1263 4189 in
1292 4124 1384 4205 quin·

207 4248 337 4295 cuncem
372 4230 500 4296 ordines
535 4234 568 4294 et
595 4229 727 4294 humum
755 4229 921 4296 subactam
949 4236 1046 4313 atque
1075 4250 1189 4313 puram
1217 4235 1250 4294 et
1278 4231 1383 4294 suavi-
