3296 4754
487 519 581 574 cauo
600 518 722 572 uaros
740 519 790 572 nn
807 492 1027 582 ‘suuucrurn
1046 521 1160 576 ae-ra
1371 525 1410 584 15
1473 563 1476 570 .

238 763 309 810 esse
346 745 509 810 inimicum
551 762 644 826 quam
681 743 889 825 voluptatem.
936 762 995 808 nec
1031 745 1117 808 enim
1145 743 1276 808 libidine
1313 743 1413 808 domi·
1426 755 1465 814 '41
1575 715 1603 752 ⁰
1636 715 1637 792 Ῐ

238 856 334 918 nante
371 852 602 934 temperantiae
635 851 739 915 locum
772 868 844 915 esse
877 869 981 932 neque
1016 852 1142 917 omnino
1175 853 1209 914 in
1239 843 1414 932 voluptatis
1538 855 1539 858 ’
1636 839 1637 854 ’

238 977 337 1035 regno
374 959 526 1023 virtutem
559 976 655 1039 posse
688 958 874 1023 consistere.
922 958 1008 1039 quod
1040 976 1102 1039 quo
1135 959 1238 1038 magis
1270 957 1416 1038 intellegi

239 1071 360 1150 posset,
386 1063 508 1146 fingere
526 1067 632 1130 animo
650 1064 782 1129 iubebat
800 1068 891 1129 tanta
907 1065 1074 1130 incitatum
1093 1065 1232 1146 aliquem
1251 1065 1415 1146 voluptate
1441 1055 1442 1058 '
1636 1135 1637 1158 1

239 1173 392 1254 corporis
418 1177 537 1254 quanta
562 1172 685 1255 percipi
710 1179 822 1253 posset
846 1172 1000 1251 maxima,
1025 1172 1145 1236 nemini
1171 1171 1322 1236 censebat
1346 1169 1416 1250 fore
1535 1253 1537 1260 ,

240 1280 381 1360 dubium,
408 1279 575 1361 quintam
603 1278 667 1359 diu,
694 1279 770 1343 dum
794 1279 842 1344 ita
867 1279 1031 1360 gauderet,
1058 1279 1138 1343 nihil
1156 1279 1279 1360 agitare
1298 1281 1416 1358 mente,
1484 1285 1485 1290 ’
1551 1329 1553 1342 .
1603 1317 1637 1370 ,³

240 1387 319 1451 nihil
344 1386 480 1466 ratione,
506 1386 586 1450 nihil
612 1386 805 1467 cogitatione
832 1386 983 1467 consequi
1002 1389 1124 1467 posset.
1171 1387 1319 1467 quocirca
1336 1385 1416 1449 nihil
1523 1431 1524 1434 ,

195 1551 199 1566 ,
240 1512 311 1559 esse
337 1498 402 1557 tam
429 1493 620 1558 detestabile
647 1497 776 1574 tamque
802 1491 992 1572 pestiferum
1018 1511 1113 1574 qnam
1138 1493 1346 1573 voluptatem,
1373 1493 1417 1556 si·
1471 1557 1472 1560 ,

240 1600 368 1683 quidem
395 1619 442 1679 ea,
469 1618 540 1664 cum
565 1601 667 1664 maior
692 1605 780 1664 esset
806 1604 902 1681 atque
921 1600 1055 1680 longior,
1082 1617 1175 1664 omne
1194 1600 1293 1664 animi
1309 1599 1418 1663 lumen
1510 1681 1512 1686 Δ
1636 1659 1637 1684 2

241 1709 453 1794 extingueret.
499 1707 578 1770 haec
603 1725 673 1771 cum
701 1705 735 1770 C.
761 1706 876 1771 Pontio
904 1704 1057 1784 Samnite,
1085 1709 1176 1788 patre
1202 1707 1282 1785 eius,
1310 1725 1329 1770 a
1354 1723 1417 1787 quo
1520 1783 1521 1786 Ἴ
1571 1759 1572 1762 ,

241 1813 384 1880 Caudino
411 1812 532 1895 proelio
560 1811 616 1895 Sp.
644 1813 839 1892 Postumius,
866 1811 901 1876 T.
921 1813 1075 1878 Veturius
1102 1813 1248 1878 consules
1274 1813 1418 1893 superati
1473 1851 1474 1854 =
1557 1889 1558 1892 Ἴ

241 1925 326 2002 sunt,
354 1921 495 1986 locutum
523 1918 695 2002 Archytam
724 1919 888 1985 Nearchus
918 1919 1121 2000 Tarentinus,
1150 1921 1268 2001 hospes
1288 1908 1416 1998 noster,
1471 1901 1486 1920 ⁷

241 2030 296 2110 qui
328 2029 361 2092 in
393 2027 533 2092 amicitia
565 2028 674 2108 populi
702 2027 837 2093 Romani
869 2031 1100 2108 permanserat,
1134 2045 1169 2092 se
1198 2047 1217 2092 a
1244 2026 1417 2091 maioribus
1523 2105 1539 2118 Ι,
1625 2100 1637 2108 Η

241 2141 319 2200 natu
351 2135 513 2217 accepisse
545 2133 682 2217 dicebat,
717 2153 787 2198 cum
821 2133 949 2216 quidem
982 2135 1013 2199 ei
1045 2135 1185 2199 sermoni
1217 2131 1420 2198 interfuisset
1636 2117 1637 2184 Ῑ

241 2243 332 2307 Plato
365 2240 584 2320 Atheniensis,
622 2258 717 2323 quem
750 2239 923 2306 Tarentum
955 2242 1082 2307 venisse
1119 2241 1156 2306 L.
1192 2239 1325 2305 Camillo
1358 2239 1417 2320 Ap.
1636 2309 1637 2318 ,

243 2347 375 2414 Claudio
402 2348 585 2414 consulibus
611 2348 747 2428 reperio.
781 2365 918 2429 quorsus
944 2348 1026 2413 hoc?
1059 2352 1095 2413 ut
1120 2348 1364 2430 intellegeretis,
1391 2348 1419 2412 si
1437 2360 1471 2410 42
1557 2427 1561 2434 .
1602 2435 1603 2440 Ἰ
1636 2359 1637 2418 l

242 2456 439 2540 voluptatem
464 2456 630 2537 aspernari
655 2456 779 2520 ratione
806 2459 839 2520 et
865 2456 1024 2537 sapientia
1042 2473 1105 2520 non
1124 2473 1305 2537 possemus,
1331 2473 1419 2536 mag·
1491 2481 1492 2484 ¹
1582 2523 1583 2530 ,
1636 2519 1637 2542 ,

242 2583 315 2628 nam
343 2561 521 2628 habendam
550 2579 622 2627 esse
651 2563 809 2627 senectuti
837 2557 994 2643 gratiam,
1018 2581 1099 2645 quae
1132 2559 1284 2641 efficeret,
1317 2565 1355 2626 ut
1386 2561 1420 2625 id

243 2689 305 2736 non
330 2670 457 2749 liberet,
486 2669 571 2751 quod
597 2687 661 2733 non
689 2674 863 2750 oporteret.
908 2669 1043 2750 impedit
1069 2669 1153 2733 enim
1179 2669 1346 2733 eonsilium
1364 2686 1419 2732 vo-

243 2778 362 2858 luptas,
390 2777 508 2841 rationi
535 2777 664 2841 inimica
691 2780 752 2854 est,
777 2777 906 2855 mentis,
936 2779 972 2840 ut
997 2777 1043 2840 ita
1069 2777 1182 2855 dicam,
1211 2775 1421 2856 praestringit
1493 2793 1495 2800 ’

243 2884 351 2948 oculos
377 2883 558 2948 nechabet
585 2882 683 2947 ullum
710 2900 781 2947 cum
800 2883 919 2948 virtute
939 2884 1171 2948 commercium.
1209 2883 1329 2947 invitus
1349 2879 1419 2960 feci,
1506 2883 1511 2893 '

243 2999 280 3054 ut
298 2987 467 3055 fortissimi
485 2990 546 3054 viri
564 2989 600 3053 T.
620 2989 791 3055 Flaminini
808 2987 951 3069 fratrem,
970 2989 1007 3053 L.
1026 2989 1249 3069 Flamininum,
1270 3008 1288 3052 e
1307 2991 1420 3053 senatu

246 3099 381 3162 eicerem
407 3100 532 3178 septem
552 3097 643 3161 annis
663 3103 746 3178 post,
774 3115 869 3177 quem
889 3096 999 3162 consul
1018 3095 1144 3176 fuisset,
1172 3095 1230 3161 sed
1249 3095 1419 3160 notandam
1463 3129 1464 3132 π

245 3205 355 3286 putaui
386 3204 562 3269 libidinem.
586 3290 587 3294 Ἰ
609 3203 664 3268 ille
691 3204 785 3283 enim,
819 3221 889 3268 cum
916 3206 1003 3268 esset
1028 3204 1138 3268 consul
1163 3204 1196 3267 in
1220 3201 1334 3283 Gallia,
1367 3221 1420 3267 ex-

245 3315 354 3377 oratus
372 3313 406 3377 in
425 3312 567 3376 convivio
587 3331 605 3376 a
624 3315 729 3376 scorto
749 3313 809 3390 est,
835 3316 872 3375 ut
891 3311 995 3375 securi
1013 3309 1125 3375 feruet
1143 3310 1281 3392 aliquem
1301 3327 1420 3388 eorum,

246 3418 301 3500 qui
332 3418 366 3482 in
392 3419 528 3483 uinculis
556 3421 666 3483 essent
694 3417 835 3483 damnati
862 3419 910 3483 rei
938 3418 1095 3499 capitalis.
1143 3417 1194 3482 hic
1222 3416 1294 3482 Tito
1322 3415 1421 3482 fratre

246 3542 304 3590 suo
332 3541 473 3603 censore,
503 3525 558 3607 qui
582 3525 746 3606 proximus
772 3530 846 3589 ante
871 3544 923 3589 me
948 3523 1063 3604 iuerat,
1093 3526 1221 3605 elapsus
1248 3528 1315 3604 esl3
1343 3524 1422 3588 mihi

245 3649 321 3696 uero
355 3635 390 3695 et
422 3631 534 3696 Flacco
569 3632 754 3713 neutiquam
789 3632 918 3713 probari
952 3632 1060 3713 potuit
1093 3636 1159 3696 tam
1194 3630 1355 3713 flagitiosa
1390 3636 1423 3695 et

246 3744 312 3803 tam
340 3738 467 3820 perdita
494 3738 604 3818 libido,
633 3757 714 3821 quae
742 3757 813 3803 cum
841 3739 958 3820 probro
987 3740 1111 3820 privato
1136 3740 1345 3821 coniungeret
1362 3739 1421 3802 im·

247 3845 329 3926 perii
358 3845 505 3910 dedecus,
553 3863 649 3926 saepe
676 3845 785 3910 audivi
813 3865 851 3910 ex
879 3846 1053 3911 maioribus
1080 3851 1168 3926 natu,
1197 3847 1253 3927 qui
1272 3865 1307 3911 se
1326 3863 1421 3927 porro
1441 3817 1480 3941 ἐξ

247 3970 364 4032 pueros
392 3971 411 4016 a
439 3951 569 4038 senibus
598 3953 727 4017 audisse
756 3951 913 4033 dicebant,
949 3953 1060 4017 mirari
1088 3953 1218 4019 solitum
1247 3952 1281 4016 G.
1310 3952 1421 4017 Fabri-

248 4059 341 4138 cium,
370 4059 465 4140 quod,
493 4077 564 4123 cum
592 4059 676 4140 apud
703 4077 812 4141 regem
831 4060 987 4142 Pyrrhum
1006 4061 1132 4142 legatus
1152 4067 1249 4140 esset,
1278 4059 1423 4124 audisset

249 4183 268 4229 a
295 4163 448 4231 Thessalo
477 4164 576 4231 Cinea
610 4185 682 4234 esse
718 4167 875 4248 quendam
903 4167 1050 4249 Athenis,
1086 4169 1141 4251 qui
1176 4186 1210 4232 se
1244 4168 1422 4247 sapientem
