3296 4754
7 553 15 588 ⁶
105 627 107 634 ,
183 650 186 658 ¹
227 587 268 648 52
613 577 797 636 11111111
816 574 1010 634 cronacum

174 1027 209 1079 60

226 808 336 886 peccet
363 805 495 885 amicus,
524 805 586 887 quo
614 805 722 886 plures
750 803 806 870 det
834 804 895 872 sibi
923 809 1087 888 tamquam
1114 822 1209 873 ansas
1232 801 1274 871 ad
1292 821 1402 886 repre-

225 909 447 992 hendendum
474 926 601 1004 rursum
626 915 733 977 autem
757 915 844 977 recte
862 908 956 978 lactis
976 911 1213 994 commodisque
1231 911 1405 977 amicorum

226 1035 358 1084 necesse
386 1019 449 1084 erit
476 1018 562 1100 angi,
591 1018 708 1098 dolere,
740 1018 894 1085 invidere.
942 1037 1040 1100 quare
1067 1017 1128 1084 hoc
1155 1017 1284 1101 quidem
1310 1035 1405 1100 prae·
1495 1065 1497 1070 -

12 1189 13 1198 ,
78 1125 79 1128 ’
137 1203 140 1208 ,
227 1129 365 1207 ceptum,
394 1125 620 1207 cuiuscumque
648 1129 708 1205 est,
737 1126 778 1192 ad
805 1124 979 1191 tollendam
1001 1125 1175 1190 amicitiam
1193 1125 1298 1204 valet,
1325 1123 1406 1190 illud

35 1731 211 1797 '1¹1

25 1812 210 1864 r*cr

227 1231 336 1314 potius
370 1231 630 1314 praecipiendum
664 1230 736 1312 luit,
771 1237 808 1296 ut
842 1249 911 1296 eam
947 1231 1147 1314 diligentiam
1179 1225 1405 1297 adhiberemus

227 1339 261 1404 in
296 1338 446 1404 amicitiis
481 1339 714 1421 comparandis,
749 1344 787 1403 ut
819 1357 860 1408 nc
896 1339 1021 1422 quando
1047 1335 1164 1405 'amare
1191 1339 1405 1421 inciperemus

229 1463 313 1526 eum,
342 1455 435 1528 quem
463 1445 634 1528 aliquando
663 1445 770 1511 odisse
798 1461 977 1526 possemus.
1020 1446 1097 1528 quin
1115 1446 1234 1526 etiam,
1252 1445 1281 1511 si
1299 1445 1405 1510 minus

229 1551 339 1619 felices
380 1553 412 1617 in
450 1552 619 1634 deligendo
640 1550 840 1632 ‘fuissemua
881 1550 1048 1617 ferendum
1083 1553 1117 1617 id
1154 1551 1260 1635 Scipio
1298 1552 1407 1634 potius

231 1677 326 1742 quam
354 1659 596 1725 inimicitiarum
624 1663 751 1740 tempus
779 1658 984 1742 cogitandum
1011 1658 1155 1741 putabat.

319 1765 379 1832 His
413 1767 514 1848 igitur·
548 1764 663 1832 finibus
697 1766 852 1832 utendum
879 1765 1029 1846 arbitror,
1064 1771 1110 1846 ut,
1146 1784 1217 1831 cum
1245 1764 1406 1830 emendati

230 1891 336 1939 mores
364 1874 536 1939 amicornm
565 1874 640 1953 sint,
668 1877 736 1938 tum
765 1873 809 1938 sit
835 1874 920 1938 inter
947 1891 1003 1938 eos
1027 1873 1168 1938 omnium
1186 1891 1304 1952 rerum,
1332 1889 1406 1936 con·

230 1980 385 2061 ciliorum,
426 1980 628 2046 voluntatum
665 1981 734 2045 sine
770 1980 837 2044 ulla
873 1980 1060 2062 exceptione
1096 1979 1318 2058 communitae,
1358 1973 1407 2057 ut,

230 2087 359 2152 etiarnsi
400 2105 463 2169 qua
504 2085 632 2152 fortuna
672 2087 834 2167 acciderit,
876 2091 912 2151 ut
948 2087 1053 2151 minus
1090 2087 1195 2151 iustae
1232 2075 1407 2150 amicorum

230 2194 412 2259 voluntates
439 2194 638 2260 adiuvandae
666 2194 742 2274 sint,
769 2194 803 2259 111
831 2194 947 2275 quibus
975 2212 1085 2259 eorum
1104 2198 1160 2258 aut
1178 2197 1274 2275 caput
1292 2196 1407 2274 agatur

134 2391 135 2394 Ἴ
232 2306 288 2365 aut
314 2298 409 2381 lama,
438 2301 659 2366 declinandum
688 2300 727 2366 de
755 2301 807 2365 via
834 2301 887 2381 sit,
915 2301 1013 2378 modo
1038 2319 1078 2366 ne
1097 2319 1221 2366 summa
1239 2298 1406 2381 turpitudo

232 2411 403 2490 sequatur,
431 2412 482 2473 est
510 2409 594 2473 enim
623 2411 780 2489 quatenus
808 2407 967 2473 amicitiae
994 2407 1064 2472 dari
1087 2408 1180 2472 venia
1198 2407 1311 2489 possit.
1349 2423 1409 2470 nec
1479 2419 1484 2426 “

231 2532 307 2580 vero
335 2515 535 2597 neglegendo
562 2519 613 2580 est
639 2513 725 2579 fama
742 2533 802 2579 nec
820 2514 979 2580 mediocre
998 2514 1099 2580 telum
1117 2513 1159 2578 ad
1177 2532 1230 2579 res
1249 2512 1407 2595 gerendas

51 2653 53 2658 ·
162 2688 164 2694 ,
232 2622 417 2688 existimare
452 2626 580 2703 oportet
607 2621 862 2686 benevolentiam
890 2622 1023 2701 civium3
1060 2639 1154 2703 quam
1182 2620 1347 2686 blanditiis
1375 2623 1409 2684 et

179 2845 213 2896 62

182 4017 216 4068 63

231 2728 430 2795 adsentando
458 2729 607 2809 colligere
634 2733 728 2810 turpe
756 2733 823 2817 est3
852 2729 964 2805 virtus,
994 2743 1087 2810 quam
1115 2729 1262 2809 sequitur
1280 2727 1407 2804 caritas,

231 2836 362 2900 minime
389 2835 588 2917 repudianda
615 2840 675 2899 est.
718 2835 775 2900 sed
803 2835 914 2916 (saepe
938 2835 1022 2900 enim
1041 2835 1138 2900 redeo
1157 2835 1198 2901 ad
1217 2833 1408 2915 Scipionem,

232 2943 322 3008 cuius
351 2943 454 3007 omnis
476 2959 580 3007 sermo
600 2947 670 3006 erat
689 2931 728 3006 de
748 2941 902 3025 amicitia)
923 2941 1127 3024 querebatur,
1156 2940 1241 3022 quod
1260 2939 1407 3006 omnibus

232 3051 265 3114 in
300 3049 396 3114 rebus
431 3049 577 3114 homines
612 3048 833 3130 diligentiores
862 3054 989 3128 essent;
1025 3067 1137 3130 capras
1166 3053 1200 3112 et
1227 3065 1302 3112 oves
1331 3051 1410 3129 quot

234 3157 370 3239 quisque
407 3156 551 3236 haberet,
593 3156 699 3220 dicere
736 3173 859 3237 posse,¹
885 3157 1003 3222 amicos
1046 3159 1123 3239 quot
1160 3154 1303 3233 haberet,
1346 3169 1409 3217 non

233 3281 330 3345 posse
365 3264 488 3342 diccrc;
524 3270 558 3327 et
590 3264 623 3328 in
658 3263 722 3327 illis
759 3263 886 3345 quidem
922 3263 1072 3344 parandis
1108 3262 1261 3327 adhibere
1289 3279 1408 3339 curam,

233 3371 267 3434 in
301 3371 413 3435 amicis
441 3370 598 3451 eligendis
626 3370 835 3451 neglegentes
864 3388 936 3435 esse
964 3387 1023 3434 nec
1050 3368 1168 3434 habere
1197 3368 1289 3451 quasi
1317 3367 1410 3448 signa

235 3477 390 3558 quaedam
418 3482 452 3542 et
478 3480 582 3556 notas,
611 3475 727 3558 quibus
755 3494 820 3557 eoa,
850 3478 904 3558 qui
928 3477 969 3541 ad
987 3477 1144 3541 amicitias
1164 3481 1274 3542 essent
1291 3474 1409 3554 idonei,

234 3584 423 3649 iudicarent.
440 3588 529 3648 ‘sunt
555 3584 656 3664 igitur
682 3581 765 3648 firmi
791 3589 825 3648 et
843 3583 976 3649 stabiles
997 3589 1030 3648 et
1048 3587 1232 3649 constantes
1253 3581 1410 3663 eligendi;

235 3691 324 3756 cuius
362 3692 489 3772 generis
528 3694 578 3756 est
611 3707 726 3770 magna
762 3691 904 3771 penuria.
952 3695 984 3756 et
1021 3690 1161 3755 iudicare
1196 3687 1325 3755 difficile
1360 3694 1424 3752 est.

235 3816 312 3862 sane
341 3798 404 3861 nisi
431 3804 616 3879 expertum
645 3797 873 3878 experiendum
901 3803 1009 3862 autem
1039 3803 1089 3862 est
1116 3798 1151 3862 in
1170 3798 1241 3879 ipsa
1259 3795 1409 3861 amicitia.

235 3905 282 3970 ita
316 3905 494 3986 praecurrit
521 3904 663 3969 amicitia
697 3905 850 3968 iudicium
879 3905 1027 3986 tollitque
1056 3904 1240 3984 experiendi
1268 3907 1411 3985 potesta·

235 4016 311 4075 tem.
359 4015 410 4075 est
437 4012 537 4092 igitur
565 4011 732 4093 prudentis
761 4012 922 4076 sustinere
950 4017 987 4076 ut
1014 4029 1152 4091 currum,
1182 4011 1229 4076 sic
1255 4011 1411 4090 impetum

234 4117 486 4198 benevolentiae,
522 4125 558 4182 ut
591 4124 720 4182 utamur
752 4119 844 4200 quasi
873 4119 964 4201 equis
992 4118 1159 4199 temptatis
1188 4119 1234 4182 sic
1261 4117 1410 4194 amicitia,

236 4243 275 4288 ex
294 4226 400 4306 aliqua
419 4230 511 4305 parte
530 4225 719 4306 periclitatis
738 4225 881 4290 moribus
900 4227 1084 4291 amicorum.
1115 4225 1244 4306 quidam
1264 4243 1360 4305 saepe
1379 4224 1412 4287 in
