3296 4754
472 589 567 644 caro
587 588 707 644 unios
725 589 776 643 on
796 565 1012 644 snundrurn
1030 591 1147 643 rr-ra
1354 595 1396 656 27

223 814 278 895 qui
306 812 347 877 ad
375 813 567 895 supplicium
596 819 646 878 est
674 812 848 895 profectus,
876 818 913 879 ut
940 812 1036 879 fidem
1063 814 1149 878 hosti
1178 814 1286 878 datam
1324 832 1397 879 con-

224 925 378 999 servaret,
407 938 471 984 non
498 920 578 986 duos
608 918 784 1001 Scipiones,
813 921 877 1001 qui
897 921 961 985 iter
987 921 1103 986 Poenis
1131 920 1182 986 vel
1210 921 1397 1002 corporibus

224 1028 290 1092 suis
320 1026 488 1092 obstruere
522 1028 701 1106 voluerunt,
736 1045 799 1092 non
836 1031 930 1093 avum
966 1032 1058 1094 tuum
1094 1027 1130 1092 L.
1159 1026 1303 1108 Paulum,
1342 1029 1397 1110 qui

223 1138 326 1198 morte
353 1134 414 1198 luit
442 1134 583 1216 collegae
610 1135 644 1198 in
673 1132 832 1199 Cannensi
859 1135 1035 1217 ignominia
1062 1135 1291 1216 temeritatem,
1333 1153 1396 1200 non

223 1240 266 1306 M.
295 1240 493 1324 Marcellum,
522 1242 611 1306 cuius
641 1225 808 1305 interitum
826 1260 867 1306 ne
886 1241 1127 1307 crudelissimus
1147 1241 1277 1323 quidem
1291 1243 1396 1307 hostis

223 1348 343 1412 honore
380 1349 566 1429 sepulturae
601 1365 710 1413 carere
737 1367 854 1429 passus
882 1354 943 1428 est,
981 1349 1040 1414 sed
1075 1348 1219 1430 legiones
1256 1353 1395 1429 nostrae,

224 1455 309 1536 quod
327 1455 443 1537 scripsi
457 1456 490 1520 in
505 1453 703 1536 Originibus,
722 1455 755 1519 in
775 1475 847 1521 eum
875 1456 980 1521 locum
1004 1437 1104 1538 saepe
1123 1454 1283 1537 profectas
1299 1456 1397 1520 alacri

223 1564 330 1628 animo
358 1566 392 1626 et
420 1565 537 1641 erecto,
565 1562 650 1627 unde
678 1579 713 1627 se
750 1562 911 1628 redituras
946 1581 1118 1645 numquam
1151 1561 1396 1628 arbitrarentur.

212 1669 307 1750 'quod
341 1669 442 1750 igitur
479 1669 700 1761 adulescentes
739 1674 773 1734 et
807 1671 837 1734 oi
873 1669 1001 1751 quidem
1036 1689 1100 1734 non
1134 1669 1237 1735 solum
1266 1670 1396 1748 indocti,

224 1776 280 1841 sed
315 1776 412 1840 etiam
448 1776 562 1841 rustici
597 1779 814 1856 contemnunt,
852 1775 884 1840 id
922 1776 1007 1840 docti
1045 1795 1138 1841 senes
1167 1777 1397 1841 extimescant?

224 1883 362 1960 omnino,
391 1888 429 1947 ut
454 1881 534 1946 mihi
563 1882 692 1964 quidem
720 1881 857 1963 videtur,
886 1883 1068 1949 studiorum
1096 1884 1237 1949 omnium
1262 1883 1396 1948 satietas
1415 1894 1449 1945 76

223 1991 309 2054 vitae
337 1987 414 2054 facit
439 1991 634 2055 satietatem.
667 1994 744 2055 sunt
766 1990 925 2071 pueritiae
945 1990 1052 2055 studia
1071 1994 1175 2070 certa;
1202 2009 1279 2054 num
1298 1990 1399 2072 igitur

223 2113 261 2160 ea
289 2096 474 2161 desiderant
492 2097 739 2170 adulescentes?
785 2103 861 2162 sunt
878 2098 1020 2163 ineuntis
1039 2083 1293 2176 adulescentiae3
1321 2116 1396 2163 num

223 2221 261 2268 ea
297 2211 448 2269 constans
483 2204 547 2267 iam
580 2204 718 2285 requirit
751 2208 851 2284 aetus,
890 2189 971 2286 quae
1005 2203 1110 2269 media
1137 2204 1278 2269 dicitur?
1323 2208 1398 2292 sunt
1502 2187 1504 2192 ⁷

223 2311 320 2375 etiam
349 2311 419 2374 eius
448 2310 584 2389 aetatis;
631 2329 671 2375 ne
700 2328 737 2375 ea
765 2310 893 2393 quidem
922 2315 1120 2393 quaeruntur
1146 2312 1180 2375 in
1212 2315 1397 2389 senectute3

223 2421 299 2481 sunt
327 2422 470 2481 extrema
491 2416 648 2499 quaedam
671 2417 778 2482 studia
797 2418 984 2483 senectutis.
1030 2435 1117 2499 ergo,
1141 2423 1178 2482 ut
1195 2419 1397 2499 superiorum

222 2527 365 2588 aetatum
393 2524 501 2590 studia
529 2523 687 2603 occidunt,
716 2525 765 2589 sic
790 2525 938 2589 occidunt
963 2525 1060 2589 etiam
1088 2525 1283 2603 senectutis3
1313 2525 1398 2606 quod

222 2650 294 2696 cum
331 2631 447 2710 evenit,
486 2631 621 2695 satietas
659 2632 744 2695 vitae
776 2636 904 2712 tompus
938 2623 1100 2697 'maturum
1138 2632 1252 2696 mortis
1280 2630 1394 2696 adfert.

223 2757 286 2802 non
310 2739 395 2803 enirn
413 2737 518 2818 video,
547 2755 613 2817 cur,
640 2738 716 2820 quid
739 2738 809 2819 ipse
829 2739 965 2803 sentiam
990 2739 1029 2803 de
1048 2743 1161 2818 morte,
1181 2756 1244 2803 non
1262 2738 1398 2802 audeam
1417 2711 1456 2836 37¹

223 2845 314 2909 vobis
342 2845 459 2923 dicere,
489 2845 574 2927 quod
602 2863 639 2910 eo
675 2863 804 2909 cernere
841 2844 921 2909 mihi
958 2845 1072 2911 melius
1106 2845 1227 2924 videor,
1261 2863 1323 2926 quo
1358 2845 1398 2910 ab

223 2969 261 3015 ea
302 2952 434 3033 propius
475 2952 598 3016 absum.
654 2969 714 3033 ego
749 2956 874 3018 vestros
913 2956 1032 3033 patres,
1069 2952 1103 3016 P.
1132 2949 1248 3033 Scipio,
1287 2957 1396 3033 tuque,

223 3055 258 3121 C.
278 3057 378 3138 Laeli,
399 3059 485 3123 viros
504 3058 700 3124 clarissimos
718 3059 861 3142 mihique
880 3059 1103 3138 amicissimos,
1133 3059 1240 3123 vivere
1259 3059 1399 3123 arbitror

222 3172 255 3229 et
284 3183 355 3230 eam
384 3167 512 3247 quidem
541 3166 649 3244 vitam,
686 3171 843 3249 quaeest
871 3167 939 3230 sola
966 3167 1034 3231 vita
1062 3165 1264 3230 nominanda.
1311 3185 1396 3244 nam,

222 3271 298 3337 dum
326 3291 436 3338 sumus
464 3272 580 3337 inclusi
600 3273 633 3336 in
666 3272 717 3338 his
750 3273 956 3354 compagibus
987 3274 1139 3354 corporis,
1169 3289 1300 3337 munere
1321 3291 1398 3354 quo-

223 3379 297 3442 dam
324 3380 528 3445 necessitatis
558 3385 592 3443 et
605 3381 695 3461 gravi
714 3397 810 3460 opere
830 3378 1068 3461 perfungimur3
1098 3384 1149 3444 est
1168 3380 1252 3445 enim
1272 3380 1397 3444 animus

223 3485 372 3551 caelestis
401 3505 439 3551 ex
468 3486 626 3551 altissimo
656 3486 816 3551 domicilio
846 3487 1019 3568 depressus
1048 3492 1082 3551 et
1109 3487 1201 3568 quasi
1230 3485 1396 3552 demersus

222 3593 256 3657 in
283 3598 413 3672 terram,
447 3594 551 3658 locurn
588 3593 714 3658 divinae
751 3596 885 3658 naturae
914 3594 1162 3677 aeternitatique
1191 3593 1396 3658 contrarIum.

223 3698 281 3764 sed
308 3700 403 3764 credo
432 3700 491 3764 deo
519 3701 706 3765 inmortales
722 3700 882 3781 sparsisse
900 3702 1024 3765 animos
1041 3702 1077 3784 in
1096 3717 1229 3781 corpora
1247 3698 1397 3780 humana,
1443 3716 1447 3725 ·

222 3814 259 3870 ut
287 3811 397 3872 essent
426 3807 481 3889 qui
507 3812 611 3872 terras
639 3803 848 3872 intuerentur
876 3809 993 3890 quique
1029 3807 1216 3872 caelestium
1253 3806 1396 3872 ordinem

222 3913 476 3995 contemplantes
504 3913 708 3980 imitarentur
736 3933 810 3979 eum
837 3915 922 3978 vitae
950 3914 1044 3979 modo
1073 3919 1169 3996 atque
1207 3914 1396 3979 constantia.

222 4039 281 4085 nec
307 4040 358 4086 me
387 4022 491 4086 solum
519 4021 602 4086 ratio
630 4039 667 4087 ac
694 4021 870 4102 disputatio
900 4022 1038 4103 impulit,
1068 4027 1105 4085 ut
1139 4023 1185 4086 ita
1223 4021 1396 4100 crederem,

223 4126 281 4191 sed
308 4129 459 4194 nobilitas
488 4129 585 4193 etiam
614 4146 811 4194 summorum
839 4128 1103 4210 philosophorum
1141 4134 1174 4194 et
1210 4128 1395 4192 auctoritas.

222 4233 389 4301 audiebam
417 4235 631 4320 Pythagoram
660 4235 953 4318 Pythagoreosque‚
982 4237 1102 4301 incolas
1132 4254 1232 4316 paene
1257 4239 1396 4314 nostros,
1416 4241 1449 4292 78
