3296 4754
247 585 265 642 6
637 579 675 634 Μ.
694 579 819 633 TULLII
837 577 1031 634 CICERONIS

247 821 350 884 neque
378 822 527 886 umquam
556 806 589 868 in
618 822 675 870 suo
704 804 810 869 studio
832 809 928 886 atque
948 823 1045 886 opere
1063 806 1210 870 cessavit.
1253 807 1319 887 qui,
1349 824 1420 870 eum

247 929 286 976 ex
321 928 358 976 eo
387 913 605 993 quaereretur,
640 929 695 976 cur
722 916 788 977 tarn
817 912 883 976 diu¹
899 912 996 976 vellet
1024 930 1095 977 csse
1123 912 1156 976 in
1183 912 1267 978 rita:
1302 897 1422 977 ‘nihil

196 1034 228 1082 14
247 1005 398 1098 habeo',
433 1018 549 1100 inquit,
585 1005 701 1100 ‘quod
737 1036 924 1083 accusem
952 1005 1230 1084 senectutem'
1280 1019 1421 1100 praecla-

248 1144 317 1190 rum
343 1141 533 1206 responsum
561 1130 595 1189 et
620 1125 712 1190 docto
737 1124 866 1190 homine
892 1125 1039 1207 dignum!
1086 1144 1145 1191 sua
1173 1126 1257 1191 enim
1276 1127 1355 1192 vitia
1373 1127 1421 1191 in·

248 1233 403 1314 sipientes
428 1236 462 1296 et
487 1249 578 1296 suam
604 1232 728 1314 culpam
754 1233 787 1296 in
812 1237 1011 1297 senectutem
1037 1230 1221 1311 conferunt3
1248 1233 1334 1314 quod
1358 1251 1421 1299 non

247 1338 449 1416 faciebatis
477 1338 567 1403 cuius
593 1338 687 1404 modo
713 1340 908 1405 mentionem
934 1338 1006 1419 loci,
1031 1338 1172 1404 Ennius:

293 1447 404 1512 sicut
441 1443 569 1511 fortis
607 1463 744 1528 equus,
787 1446 925 1527 spatio
964 1448 1031 1529 qni
1068 1465 1192 1527 saepe
1229 1463 1421 1529 supremo

293 1554 396 1619 vicit
433 1553 630 1635 Olympia,
672 1571 776 1617 nune
817 1554 932 1618 senio
975 1552 1190 1619 coniectus
1228 1555 1420 1635 quiescit.

249 1662 324 1742 equi
349 1658 442 1726 fortis
469 1663 503 1724 et
527 1660 657 1724 victoris
677 1661 837 1726 senectuti
855 1665 1017 1741 comparat
1037 1678 1136 1731 suam.
1180 1679 1274 1741 quem
1294 1661 1422 1743 quidem

249 1767 349 1850 probe
375 1767 560 1832 meminisse
587 1767 742 1847 potestis;
770 1785 852 1832 anno
881 1769 964 1832 enim
993 1767 1230 1832 undevicesimo
1255 1772 1330 1849 post
1353 1768 1422 1832 eius

249 1879 384 1940 mortem
412 1873 445 1939 hi
474 1873 631 1953 consules,
660 1873 697 1939 T.
718 1874 915 1939 Flamininus
945 1879 978 1938 et
1004 1874 1056 1938 Μ’.
1077 1873 1209 1953 Acilius,
1236 1872 1313 1940 iacti
1337 1879 1422 1954 sunt,

137 1976 149 2068 j
249 1983 303 2068 illc
338 1985 446 2050 autem
475 1979 634 2062 Caepione
669 1985 703 2045 et
729 1981 878 2062 Philippo
913 1982 1030 2045 iterum
1065 1981 1248 2047 consulibus
1277 1985 1422 2047 mortuus

250 2094 311 2170 est,
340 2107 411 2158 cum
439 2106 498 2168 ego
527 2088 667 2169 quinque
696 2091 729 2152 ct
756 2089 922 2169 sexaginta
949 2106 1048 2153 annos
1077 2091 1171 2153 natus
1199 2088 1302 2170 legem
1321 2089 1423 2154 Voco-

249 2197 334 2262 niam
362 2214 477 2276 magna
505 2212 580 2259 voce
609 2198 642 2258 et
669 2193 761 2259 bonis
788 2195 943 2259 lateribus
972 2195 1069 2260 suasi.
1109 2195 1137 2259 is
1165 2213 1265 2260 annos
1294 2200 1423 2277 septua-

250 2305 339 2384 ginta
373 2307 467 2368 natus
502 2302 566 2386 (tot
599 2302 683 2366 enim
718 2301 797 2367 vixit
823 2300 960 2383 Ennius)
995 2301 1042 2366 ita
1075 2299 1199 2366 larebat
1233 2302 1306 2382 dno,
1343 2321 1423 2384 quae

249 2411 387 2474 maxima
414 2413 578 2490 putantur,
614 2425 721 2489 onera,
756 2413 977 2491 paupertatem
1007 2414 1040 2473 et
1068 2413 1276 2488 senectutem,
1312 2413 1349 2474 ut
1377 2409 1423 2473 eis

250 2535 352 2600 paene
379 2517 531 2582 delectari
557 2515 732 2581 videretur.

200 2635 232 2685 15
348 2623 487 2702 Etenim,
517 2641 588 2687 cunr
616 2623 799 2703 conplector
825 2624 941 2703 animo,
971 2625 1124 2704 quattuor
1150 2623 1276 2703 reperio
1301 2641 1424 2704 causas,

251 2750 307 2797 cur
341 2735 489 2795 senectus
524 2731 642 2795 misera
675 2730 832 2808 videatur,
870 2748 974 2809 unam,
1011 2729 1096 2810 quod
1130 2733 1242 2794 avocet
1275 2749 1294 2794 a
1328 2729 1424 2794 rebus

250 2838 411 2920 gerendis,
439 2838 584 2915 alteram,
613 2838 697 2918 quod
723 2855 838 2918 corpus
861 2834 958 2902 faciat
975 2834 1143 2914 infirmius,
1170 2837 1312 2917 tertiam,
1341 2835 1425 2919 quod

251 2947 357 3028 privet
384 2943 531 3009 omnibus
559 2941 626 3008 lere
655 2943 885 3024 voluptatibus,
915 2947 1071 3026 quartam,
1100 2943 1185 3024 quod
1204 2943 1290 3018 haud
1313 2943 1425 3024 procul

156 3046 160 3053 ’
251 3053 336 3117 absit
363 3070 382 3116 a
409 3056 522 3116 morte.
569 3069 689 3130 earum,
724 3050 752 3115 si
780 3051 895 3131 placet,
923 3068 1090 3115 causarum
1120 3055 1238 3131 quanta
1266 3068 1425 3131 quamque

252 3161 296 3224 sit
324 3160 409 3224 iusta
437 3177 501 3223 una
529 3175 685 3239 quaeque,
713 3157 889 3222 videamus.

215 3272 234 3328 6
350 3265 494 3330 Arabus
513 3264 663 3346 gerendis
684 3269 832 3330 senectus
851 3265 1019 3329 abstrahit.
1050 3264 1190 3346 quibus?
1207 3282 1248 3328 an
1267 3264 1324 3344 cis,
1345 3280 1426 3344 quae

252 3376 419 3440 iuventute
447 3376 602 3453 geruntur
630 3376 663 3436 et
690 3370 835 3437 viribus?
862 3371 1009 3436 nullaene
1037 3372 1137 3452 igitur
1163 3389 1216 3436 res
1244 3374 1321 3435 sunt
1341 3370 1423 3436 seni·

252 3483 310 3575 lesu,
330 3498 412 3561 quae
439 3479 491 3545 vel
518 3477 653 3543 infirmis
682 3478 868 3559 corporibus
887 3480 992 3543 animo
1012 3483 1120 3543 tamen
1138 3476 1427 3544 administrentur?

251 3586 332 3652 nihil
360 3605 435 3668 ergo
463 3586 580 3668 agebat
615 3584 651 3661 Q.
680 3585 849 3665 Maximus,
884 3585 964 3649 nihil
990 3585 1026 3649 L.
1056 3585 1184 3666 Paulus,
1219 3589 1312 3668 pater
1340 3589 1425 3662 tuus,
1488 3665 1491 3674 Ι

252 3712 343 3760 socer
370 3694 483 3775 optimi
510 3693 581 3772 viri,
609 3690 667 3756 filii
693 3692 779 3756 mei?
807 3691 905 3760 ceteri
929 3709 1033 3771 senes,
1061 3692 1209 3771 Fabricii,
1239 3689 1337 3771 Curii,
1366 3688 1426 3754 Go-

252 3802 407 3882 runcauii,
442 3818 512 3864 cum
547 3818 615 3863 rem
650 3798 808 3880 publicam
838 3799 968 3864 consilio
997 3804 1031 3864 et
1057 3800 1248 3864 auctoritate
1277 3796 1426 3863 deiende-

203 3916 234 3966 16
254 3909 340 3988 bant,
377 3907 457 3972 nibil
485 3906 645 3988 agebant?
685 3906 726 3971 ad
753 3906 850 3987 Appii
878 3904 1002 3970 Claudii
1031 3909 1229 3971 senectutem
1257 3903 1428 3970 accedebat

253 4016 360 4095 etiam,
388 4020 425 4078 ut
452 4032 564 4078 caecus
593 4017 695 4093 esset3
733 4013 905 4092 temonis,
934 4031 1003 4078 cum
1033 4013 1194 4078 sententia
1221 4016 1351 4077 senatus
1379 4011 1427 4075 in-

254 4122 388 4186 clinaret
428 4121 469 4185 ad
505 4138 615 4202 pacem
652 4138 722 4185 cum
760 4118 882 4202 Pyrrho
919 4116 1096 4200 foedusque
1132 4117 1323 4199 faciendum,
1364 4136 1428 4183 non

255 4228 413 4293 dubitauit
448 4228 553 4293 dicere
587 4228 652 4307 illa,
689 4246 770 4308 quae
804 4226 950 4291 versibus
985 4230 1173 4308 persecutus
1209 4230 1260 4291 est
1286 4225 1426 4289 Ennius:
