3296 4754
1349 573 1431 633 ‘67

198 772 266 828 irtel.
285 771 423 826 Meissuer
443 775 447 842 ]
470 775 505 826 74
529 773 579 828 sed
601 772 752 846 incertum]
778 771 878 826 Halm:
903 779 931 826 st
956 772 1090 826 incertum
1112 772 1116 840 ]
1139 773 1174 826 75
1193 770 1228 825 de
1248 770 1331 842 quo]*
1349 769 1390 826 ed.
1403 770 1435 824 I:

202 862 236 916 de
255 877 311 932 qua
333 863 338 932 Ι
359 864 393 915 77
412 877 468 915 non
494 863 566 914 enim
584 860 677 932 rideo]
695 861 826 915 excidisse
844 860 978 929 quaedam
996 865 1080 930 puto;
1104 877 1170 914 uam
1190 860 1262 915 enim
1280 875 1337 913 ηοω
1356 859 1436 912 babet

199 966 255 1020 quo
272 951 419 1018 referatur.
438 951 538 1004 uitium
556 949 666 1004 tollitur
683 950 715 1003 iu
733 948 763 1018 V,
783 949 833 1018 qui
850 949 955 1004 exbibet
974 949 1102 1018 equidem
1120 964 1176 1011 non
1195 949 1294 1017 habeo,
1313 947 1360 1002 sed
1378 963 1436 1001 ηοω

199 1039 373 1094 euoeudotur.
400 1054 467 1092 uam
492 1042 575 1092 etiam
600 1039 639 1092 sie
660 1038 729 1092 dure
747 1036 915 1106 adiuuqitur
932 1038 1070 1091 seuteutia
1084 1038 1177 1108 priori
1201 1039 1206 1108 Ι
1231 1033 1436 1104 intuerentur]*

200 1127 242 1182 ed.
262 1127 295 1182 1:
319 1132 476 1195 tuerentur,
495 1125 570 1196 quod
586 1141 681 1182 ocreou
701 1123 825 1180 Ciceroni
839 1125 995 1194 adscribere
1017 1126 1021 1193 Ι
1044 1128 1078 1180 78
1098 1132 1140 1180 tot
1158 1123 1244 1194 artes]
1263 1125 1378 1180 Baiter:
1396 1128 1438 1178 tot

201 1222 278 1271 artes
297 1221 392 1270 tantae
412 1215 553 1269 scientiae.
579 1215 750 1284 superdurat
768 1219 809 1268 est
827 1218 921 1269 tentae
940 1212 1082 1280 scientiae,
1101 1214 1197 1268 turbat
1214 1212 1437 1282 aequabilitatem

198 1305 353 1358 seuteutiae
370 1319 419 1357 uec
437 1304 572 1357 eouseutit
591 1319 652 1356 οωηο
672 1302 802 1370 ωοωοωάὀ
819 1319 874 1356 ηοω
897 1301 1029 1356 Pulliauo
1050 1303 1055 1372 ]
1077 1302 1110 1355 81
1131 1302 1267 1372 eorporis]
1287 1300 1320 1370 P,
1339 1315 1437 1368 corpo·

202 1411 264 1450 rum
283 1393 310 1448 L
322 1392 374 1447 Br.
393 1391 423 1460 V,
443 1391 516 1459 quod
533 1406 592 1445 uou
609 1396 649 1444 est
666 1393 865 1458 uecesearium3
884 1391 920 1458 ef.
939 1389 1007 1460 §77
1026 1405 1121 1445 sumus
1139 1390 1239 1445 inclusi
1257 1390 1286 1443 in
1303 1389 1348 1443 his
1365 1404 1438 1442 com·

201 1482 320 1552 papibus
339 1481 464 1549 corporis
486 1483 491 1546 Ι
512 1481 547 1533 83
566 1479 654 1534 luisse
674 1478 850 1550 conaturos]*
869 1479 910 1534 ed.
931 1480 962 1534 1.-
988 1494 1051 1535 esse
1070 1486 1193 1548 conatos,
1212 1478 1285 1547 quod
1302 1477 1439 1546 explicari

202 1587 261 1626 ηοω
277 1557 376 1640 'meat
393 1570 398 1640 Ι
420 1571 455 1623 85
475 1567 570 1638 fugere
596 1567 738 1639 debemus]
761 1568 779 1622 f.
799 1585 853 1623 non
872 1569 1005 1624 debemus
1023 1568 1144 1623 desidero
1161 1569 1181 1622 i.
1199 1584 1221 1622 e.
1239 1583 1297 1622 ηοω
1315 1566 1439 1622 debemus

199 1659 296 1726 luqerc
314 1657 499 1725 desectionem,
518 1672 588 1724 quae
602 1657 721 1726 proquo
739 1661 779 1710 cst
796 1657 953 1727 senectutis,
972 1658 1104 1726 quoniam
1121 1656 1174 1710 illu
1191 1671 1249 1710 ηοω
1267 1656 1379 1709 modste
1399 1659 1439 1708 est

119 1747 121 1752 ’
202 1749 270 1816 seui,
295 1746 459 1816 praesertim
486 1761 549 1800 curu
577 1747 675 1800 iuuctu
702 1746 740 1798 sit
767 1751 890 1802 seusatus
917 1762 980 1800 cum
1006 1761 1099 1800 reruru
1122 1745 1265 1812 solidate,-
1293 1745 1329 1812 οἵ.
1355 1744 1438 1797 ctiam

202 1836 367 1907 §idae.
842 1872 844 1882 ,

312 1924 386 1979 lael.
424 1923 440 1993 ᾗ
465 1925 482 1976 2
509 1922 596 1993 tum]*
621 1922 653 1975 iu
674 1921 738 1976 edit.
760 1939 791 1992 q.
811 1921 913 1977 SRosc.
934 1927 978 1992 pl.
996 1925 1041 1992 89,
1066 1923 1158 1978 Dabl:
1186 1929 1244 1976 tum
1271 1922 1331 1978 iere
1353 1922 1439 1975 iuter·

198 2013 294 2083 pelato
317 2013 323 2082 ]
350 2015 365 2066 5
395 2011 430 2066 de
458 2011 591 2081 amicitia]
619 2016 684 2066 cute
711 2012 843 2080 loquetur
866 2010 931 2066 luel.
949 2011 1041 2078 Beier,
1069 2016 1134 2066 aule
1159 2027 1241 2081 quam
1259 2012 1355 2080 legens
1373 2010 1439 2064 iuol.

202 2101 344 2156 Meissuer
360 2100 364 2170 ]
380 2103 398 2156 8
416 2100 603 2155 valetudinem
623 2101 792 2172 respondeo]
811 2101 967 2170 respondeo
985 2101 1113 2170 spurium
1126 2105 1199 2170 puto
1214 2102 1219 2172 ]
1237 2104 1271 2156 10
1289 2100 1339 2155 sed
1352 2099 1439 2170 certe]

206 2191 257 2246 sed
276 2191 346 2244 mibi
363 2205 438 2258 susp.
461 2190 467 2258 Ι
490 2191 522 2243 13
542 2196 573 2244 ut
591 2189 731 2260 plerique]
750 2189 827 2245 codd.
840 2189 964 2258 quidam,
982 2190 1093 2243 Deiler:
1112 2198 1144 2244 ut
1156 2190 1185 2242 iu
1197 2189 1338 2259 plerisque
1355 2177 1439 2260 Ιοοο-

203 2280 336 2335 tendebat
360 2277 424 2332 odd.
447 2280 453 2348 Ι
477 2281 510 2333 15
529 2279 657 2349 aequius]
683 2295 803 2349 aequum
825 2295 872 2348 eqo
890 2278 931 2333 ed.
951 2279 974 2332 I
990 2280 995 2349 ]
1017 2281 1051 2332 23
1070 2280 1143 2334 bona
1168 2279 1228 2349 spe]
1248 2278 1315 2347 DE,
1340 2278 1440 2332 bonam

202 2376 283 2440 ¹spem
302 2369 340 2423 ul.
362 2369 367 2438 ]
389 2370 424 2422 27
444 2369 518 2437 quod
538 2399 572 2407 -
591 2368 714 2439 existit]*
732 2369 773 2423 ed.
793 2369 824 2424 I:
844 2385 904 2423 cum
925 2400 957 2409 —
978 2370 1072 2423 extitit
1093 2370 1099 2438 Ι
1115 2373 1149 2424 33
1168 2370 1194 2423 ei
1213 2368 1293 2438 cdd.;
1313 2369 1362 2423 boc
1376 2384 1439 2438 qoer-

204 2457 364 2527 spicuitatis
380 2459 476 2526 qratia
496 2457 650 2513 Ciceronem
669 2458 773 2513 dedisse
787 2464 858 2528 puto
881 2460 886 2526 ]
908 2458 1039 2530 suntque]
1055 2459 1151 2512 Beier:
1171 2459 1281 2528 sintque
1304 2459 1308 2526 Ι
1330 2463 1374 2512 est
1392 2458 1440 2511 ho·

205 2546 296 2617 nesta]
317 2546 417 2600 Halm:
443 2546 481 2600 sit
499 2546 527 2599 h.
550 2545 555 2615 Ι
577 2549 611 2601 33
630 2546 759 2616 perducti
778 2547 883 2617 essent]
911 2547 1062 2602 Meissuer:
1090 2547 1295 2615 perduxissent.
1319 2546 1355 2613 cf.
1375 2544 1439 2600 Seu.

202 2639 293 2689 coutr.
313 2639 330 2688 1
351 2650 396 2704 pr.
416 2638 465 2689 13.-
490 2650 507 2688 a
531 2635 621 2703 prima
644 2634 765 2702 pueritia
788 2644 878 2704 usque
893 2635 938 2690 ad
960 2635 1087 2691 ultimum
1107 2635 1167 2690 eius
1186 2634 1259 2690 diem
1277 2635 1441 2704 perductam

207 2723 370 2779 familiarem
394 2723 542 2778 amicitiam
567 2725 572 2793 Ι
597 2725 631 2777 35
655 2723 720 2778 illos
747 2755 777 2764 -
798 2723 936 2794 profiteri]
961 2723 1002 2778 illi
1026 2753 1061 2764 —-
1086 2723 1285 2794 profiterentur
1310 2724 1442 2793 temptaui

203 2812 248 2866 ed.
262 2812 299 2882 ΙΙ
314 2816 349 2867 41
370 2811 590 2884 quoquomodo]
609 2812 709 2882 BGM,
728 2827 837 2882 quoque
856 2813 937 2870 modo
956 2813 1001 2884 P]
1017 2814 1135 2886 primo]*
1154 2813 1194 2868 ed.
1214 2813 1239 2882 I,
1257 2817 1291 2868 ut
1303 2813 1377 2867 locus
1389 2813 1442 2881 leqi

201 2906 311 2971 posset:
331 2899 439 2956 deinde.
459 2917 627 2969 quamquam
645 2902 730 2956 uerba
744 2903 878 2972 serpit-
890 2902 996 2958 labitur
1013 2919 1027 2957 e
1042 2903 1163 2958 scaeuico
1175 2903 1269 2972 aliquo
1281 2901 1442 2970 deprompta

204 2989 345 3043 oideutru.
372 2989 470 3042 omisso
495 3003 565 3057 quae
583 2991 756 3058 septeuurr'us
774 2992 878 3060 iuteqer
895 2992 989 3046 euadit
1006 2996 1032 3046 el
1046 2992 1221 3062 principium
1238 2991 1441 3058 subsequentis:
1536 3054 1538 3061 Ι

208 3077 302 3146 Sirpit
321 3074 421 3132 deinde
439 3077 485 3130 res
504 3077 634 3144 proclivis
653 3077 689 3134 sd
707 3066 961 3148 perniciem;'oi1m
981 3079 1067 3135 semel
1091 3081 1096 3150 Ι
1122 3080 1228 3148 Coepit,
1246 3078 1348 3132 labitur
1372 3082 1377 3148 ]
1402 3078 1441 3132 di·
1503 3139 1506 3150 1

203 3167 316 3237 ·scunt]*
335 3165 376 3220 ed.
395 3164 427 3220 I:
453 3165 575 3234 discent,·
599 3166 672 3220 illud
690 3167 763 3221 euim
780 3169 838 3222 ium
857 3173 916 3222 tum
934 3169 1016 3235 tiebat
1040 3170 1045 3238 Ι
1071 3171 1106 3223 50
1124 3167 1237 3223 adliciat
1255 3174 1283 3221 et
1301 3166 1441 3238 adtrahat]

207 3255 307 3310 Halm:
336 3254 441 3311 inliciat
460 3262 489 3309 et
507 3261 562 3309 tam
581 3257 683 3311 trahat.
702 3258 737 3324 os.
756 3257 777 3329 ἕ
795 3261 831 3311 32
849 3257 990 3327 adplicant
1008 3273 1039 3313 se
1058 3265 1139 3313 et-
1158 3257 1322 3323 admovent5
1341 3259 1378 3310 48
1395 3256 1443 3310 ad·

205 3343 294 3412 plicet
313 3349 341 3397 et
358 3343 506 3412 adiungat3
526 3343 580 3398 dio.
600 3349 625 3416 1,
643 3349 680 3399 86
697 3345 733 3400 ad
752 3360 783 3401 se
802 3345 914 3400 adliciat
933 3351 961 3400 et
974 3345 1103 3401 adtrahat
1118 3346 1123 3416 Ι
1139 3347 1174 3400 53
1186 3345 1329 3417 inmutari]
1349 3345 1382 3414 P,
1400 3345 1442 3399 in-

207 3433 312 3486 mutari
331 3433 427 3502 sperni
445 3433 480 3487 ab
500 3434 540 3488 eis
559 3439 670 3489 veteres
689 3434 833 3504 amicitias,
852 3435 991 3504 indulgeri
1010 3437 1087 3490 novis
1106 3437 1142 3490 ul.
1159 3439 1164 3507 Ι
1181 3437 1216 3490 56
1234 3436 1283 3506 qui
1296 3434 1362 3505 siut]
1375 3435 1444 3488 mibi

205 3535 285 3589 susp.
302 3523 307 3588 Ι
323 3520 417 3591 iaciat]
436 3521 523 3576 Halm
538 3523 583 3589 (cf.
596 3521 617 3593 ,6
629 3524 689 3590 59).·
709 3521 774 3577 iacit
790 3522 794 3590 Ι
811 3525 845 3576 57
858 3523 1020 3594 amicorum]
1033 3524 1115 3578 Beier
1128 3523 1158 3594 (ἕ
1170 3527 1232 3590 cdl:
1251 3539 1334 3580 causa
1345 3539 1370 3578 a.
1387 3525 1392 3593 Ι
1408 3525 1443 3576 59

205 3609 420 3664 constituendus
434 3610 488 3681 est]
497 3615 560 3680 post
569 3611 635 3665 baec
643 3610 754 3665 uidetur
765 3613 903 3666 senteutio
915 3611 1060 3668 eccidisse:
1079 3613 1132 3668 hoo
1142 3612 1239 3668 faciam
1249 3613 1291 3668 uel
1303 3628 1366 3667 eum
1379 3628 1443 3666 con-

205 3698 757 3754 stituamuutscribeudumscd-dicam
770 3701 904 3769 (sicedl)
923 3700 927 3770 Ι
945 3702 1140 3772 essesosurus]
1150 3701 1243 3758 Cobet:
1255 3709 1331 3758 esset
1341 3718 1367 3758 ο.
1385 3703 1389 3770 Ι
1406 3703 1442 3755 66

210 3786 368 3856 deligendo]
386 3787 419 3856 P,
439 3787 578 3857 diligendo
597 3790 633 3843 al.
650 3791 655 3860 Ι
671 3790 703 3842 61
719 3790 885 3862 voluntates]
905 3785 1004 3846 causam
1017 3792 1171 3859 requiritur
1186 3794 1191 3862 Ι
1208 3795 1242 3847 63
1261 3800 1292 3846 ut
1304 3792 1443 3862 utamur]*

206 3874 251 3931 ed.
264 3876 287 3929 I
288 3897 295 3930 :
314 3891 369 3944 quo
385 3883 504 3933 utamur,
522 3878 596 3931 illud
613 3893 669 3947 quo
687 3885 779 3934 ortum
797 3878 908 3933 uidetur
925 3880 1014 3933 scribo
1030 3879 1068 3933 od
1086 3881 1182 3948 quasi
1199 3881 1442 3950 praevaleamus.

210 3964 293 4018 ctiam
313 3983 344 4034 p.
366 3965 610 4035 Olueut.5l,158
633 3982 707 4021 nunc
732 3973 769 4020 ut
793 3972 869 4020 utar
893 3968 898 4037 ]
922 3966 1043 4022 amicitia
1063 3998 1094 4006 —
1115 3969 1276 4039 amicorum]
1295 3969 1389 4023 amieis
1409 3998 1442 4007 -

212 4067 306 4108 eorum
325 4054 457 4124 lenqotcoi
474 4053 515 4108 ed.
534 4055 555 4108 Ι
576 4053 581 4123 Ι
606 4057 641 4110 64
660 4056 684 4110 si
701 4056 792 4125 suppl.
811 4055 888 4109 ed.I
906 4057 912 4126 ]
937 4057 971 4110 65
991 4055 1218 4126 constantiaeque
1238 4057 1292 4128 est]
1317 4064 1360 4112 est
1379 4063 1444 4111 aute

210 4139 281 4196 fides
300 4142 410 4196 uidetur
427 4143 617 4197 collocandum
633 4145 638 4214 Ι
654 4145 689 4199 68
708 4145 775 4212 quin
793 4144 866 4215 ipso]
886 4145 954 4214 quin
971 4144 1074 4213 inipso
1087 4145 1120 4213 P,
1140 4145 1252 4201 Sobicbe
1268 4148 1272 4215 ]
1288 4149 1322 4201 69
1337 4147 1442 4216 perse]

213 4231 314 4286 Halm:
339 4247 389 4301 per
414 4248 444 4288 se
463 4248 546 4302 posse
567 4235 572 4302 Ι
593 4236 629 4288 70
647 4235 736 4304 eam]*
754 4234 795 4288 cd.
815 4235 846 4289 1.-
871 4250 905 4291 ea
926 4236 931 4305 ]
957 4234 1079 4305 luerunt]
1100 4235 1233 4305 Madoiq:
1257 4236 1360 4291 fuerint
1382 4237 1386 4304 Ι
1410 4239 1444 4289 74

1252 4345 1284 4396 5*
