<?xml version="1.0" encoding="UTF-8"?>
<!DOCTYPE html PUBLIC "-//W3C//DTD XHTML 1.0 Transitional//EN"
    "http://www.w3.org/TR/xhtml1/DTD/xhtml1-transitional.dtd">
<html xmlns="http://www.w3.org/1999/xhtml" xml:lang="en" lang="en">
 <head>
  <title>
</title>
<meta http-equiv="Content-Type" content="text/html;charset=utf-8" />
  <meta name='ocr-system' content='tesseract 3.04.00' />
  <meta name='ocr-capabilities' content='ocr_page ocr_carea ocr_par ocr_line ocrx_word'/>
</head>
<body>
  <div class='ocr_page' id='page_1' title='image "./catomajordesene00rinagoog_0070.png"; bbox 0 0 3296 4754; ppageno 0'>
   <div class='ocr_carea' id='block_1_1' title="bbox 554 533 1416 650">
    <p class='ocr_par' dir='ltr' id='par_1_1' title="bbox 554 533 1416 650">
     <span class='ocr_line' id='line_1_1' title="bbox 554 533 1416 650; baseline -0.003 -16"><span class='ocrx_word' id='word_1_1' title='bbox 554 577 713 634; x_wconf 83' lang='grc' dir='ltr'><strong>ιιιιιιιιι</strong></span> <span class='ocrx_word' id='word_1_2' title='bbox 731 578 783 633; x_wconf 82' lang='lat' dir='ltr'><strong>na</strong></span> <span class='ocrx_word' id='word_1_3' title='bbox 802 576 969 634; x_wconf 80' lang='lat' dir='ltr'><strong>nurerum</strong></span> <span class='ocrx_word' id='word_1_4' title='bbox 989 581 1103 634; x_wconf 79' lang='grc' dir='ltr'><strong>ιιι-ιι.</strong></span> <span class='ocrx_word' id='word_1_5' title='bbox 1219 533 1221 536; x_wconf 47' lang='grc'><strong>’</strong></span> <span class='ocrx_word' id='word_1_6' title='bbox 1375 587 1416 650; x_wconf 82' lang='lat' dir='ltr'><strong>ts</strong></span> 
     </span>
    </p>
   </div>
   <div class='ocr_carea' id='block_1_2' title="bbox 237 804 1493 4310">
    <p class='ocr_par' dir='ltr' id='par_1_2' title="bbox 237 804 1471 2386">
     <span class='ocr_line' id='line_1_2' title="bbox 238 804 1417 893; baseline 0.001 -18"><span class='ocrx_word' id='word_1_7' title='bbox 238 828 338 893; x_wconf 86' lang='lat' dir='ltr'><strong>parva</strong></span> <span class='ocrx_word' id='word_1_8' title='bbox 364 808 500 890; x_wconf 88' lang='lat' dir='ltr'><strong>pecunia</strong></span> <span class='ocrx_word' id='word_1_9' title='bbox 526 804 774 888; x_wconf 89' lang='lat' dir='ltr'><strong>perspiciuntur,</strong></span> <span class='ocrx_word' id='word_1_10' title='bbox 804 822 899 886; x_wconf 87' lang='lat' dir='ltr'><strong>quam</strong></span> <span class='ocrx_word' id='word_1_11' title='bbox 927 804 994 870; x_wconf 88' lang='lat' dir='ltr'><strong>sint</strong></span> <span class='ocrx_word' id='word_1_12' title='bbox 1020 805 1118 886; x_wconf 87' lang='lat' dir='ltr'><strong>leves,</strong></span> <span class='ocrx_word' id='word_1_13' title='bbox 1149 805 1276 887; x_wconf 86' lang='lat' dir='ltr'><strong>quidam</strong></span> <span class='ocrx_word' id='word_1_14' title='bbox 1297 813 1417 890; x_wconf 89' lang='lat' dir='ltr'><strong>autem,</strong></span> 
     </span>
     <span class='ocr_line' id='line_1_3' title="bbox 238 910 1418 999; baseline -0.001 -17"><span class='ocrx_word' id='word_1_15' title='bbox 238 934 319 999; x_wconf 88' lang='lat' dir='ltr'><strong>quos</strong></span> <span class='ocrx_word' id='word_1_16' title='bbox 347 933 446 997; x_wconf 83' lang='lat' dir='ltr'><strong>parva</strong></span> <span class='ocrx_word' id='word_1_17' title='bbox 472 930 600 979; x_wconf 87' lang='lat' dir='ltr'><strong>movere</strong></span> <span class='ocrx_word' id='word_1_18' title='bbox 628 928 693 981; x_wconf 85' lang='lat' dir='ltr'><strong>non</strong></span> <span class='ocrx_word' id='word_1_19' title='bbox 720 910 836 993; x_wconf 89' lang='lat' dir='ltr'><strong>potuit,</strong></span> <span class='ocrx_word' id='word_1_20' title='bbox 872 914 1106 993; x_wconf 86' lang='lat' dir='ltr'><strong>cognoscuntur</strong></span> <span class='ocrx_word' id='word_1_21' title='bbox 1133 912 1177 993; x_wconf 75' lang='lat' dir='ltr'><strong>in¹</strong></span> <span class='ocrx_word' id='word_1_22' title='bbox 1195 931 1319 994; x_wconf 86' lang='lat' dir='ltr'><strong>magna.</strong></span> <span class='ocrx_word' id='word_1_23' title='bbox 1367 915 1418 982; x_wconf 89' lang='lat' dir='ltr'><strong>sin</strong></span> 
     </span>
     <span class='ocr_line' id='line_1_4' title="bbox 238 1016 1418 1103; baseline -0.001 -14"><span class='ocrx_word' id='word_1_24' title='bbox 238 1026 334 1089; x_wconf 88' lang='lat' dir='ltr'><strong>erunt</strong></span> <span class='ocrx_word' id='word_1_25' title='bbox 361 1020 462 1103; x_wconf 90' lang='lat' dir='ltr'><strong>aliqui</strong></span> <span class='ocrx_word' id='word_1_26' title='bbox 489 1019 620 1102; x_wconf 86' lang='lat' dir='ltr'><strong>reperti,</strong></span> <span class='ocrx_word' id='word_1_27' title='bbox 656 1018 711 1100; x_wconf 82' lang='lat' dir='ltr'><strong>qui</strong></span> <span class='ocrx_word' id='word_1_28' title='bbox 738 1016 905 1100; x_wconf 84' lang='lat' dir='ltr'><strong>pecuniam</strong></span> <span class='ocrx_word' id='word_1_29' title='bbox 934 1016 1097 1100; x_wconf 85' lang='lat' dir='ltr'><strong>praeferre</strong></span> <span class='ocrx_word' id='word_1_30' title='bbox 1125 1019 1286 1099; x_wconf 87' lang='lat' dir='ltr'><strong>amicitiae</strong></span> <span class='ocrx_word' id='word_1_31' title='bbox 1315 1023 1418 1088; x_wconf 86' lang='lat' dir='ltr'><strong>sordi·</strong></span> 
     </span>
     <span class='ocr_line' id='line_1_5' title="bbox 237 1125 1416 1210; baseline 0 -15"><span class='ocrx_word' id='word_1_32' title='bbox 237 1130 314 1195; x_wconf 91' lang='lat' dir='ltr'><strong>dum</strong></span> <span class='ocrx_word' id='word_1_33' title='bbox 333 1128 529 1206; x_wconf 75' lang='lat' dir='ltr'>existiment,</span> <span class='ocrx_word' id='word_1_34' title='bbox 556 1126 612 1190; x_wconf 92' lang='lat' dir='ltr'><strong>ubi</strong></span> <span class='ocrx_word' id='word_1_35' title='bbox 631 1143 687 1190; x_wconf 90' lang='lat' dir='ltr'><strong>eas</strong></span> <span class='ocrx_word' id='word_1_36' title='bbox 705 1125 916 1204; x_wconf 87' lang='lat' dir='ltr'><strong>inveniemus,</strong></span> <span class='ocrx_word' id='word_1_37' title='bbox 946 1125 1001 1206; x_wconf 88' lang='lat' dir='ltr'><strong>qui</strong></span> <span class='ocrx_word' id='word_1_38' title='bbox 1018 1125 1167 1206; x_wconf 87' lang='lat' dir='ltr'><strong>honores,</strong></span> <span class='ocrx_word' id='word_1_39' title='bbox 1196 1127 1416 1210; x_wconf 86' lang='lat' dir='ltr'><strong>magistratus,</strong></span> 
     </span>
     <span class='ocr_line' id='line_1_6' title="bbox 237 1232 1417 1318; baseline -0.001 -16"><span class='ocrx_word' id='word_1_40' title='bbox 237 1236 385 1318; x_wconf 84' lang='lat' dir='ltr'><strong>imperia,</strong></span> <span class='ocrx_word' id='word_1_41' title='bbox 412 1237 603 1316; x_wconf 80' lang='lat' dir='ltr'><strong>potestates,</strong></span> <span class='ocrx_word' id='word_1_42' title='bbox 639 1250 716 1313; x_wconf 90' lang='lat' dir='ltr'><strong>opes</strong></span> <span class='ocrx_word' id='word_1_43' title='bbox 739 1232 905 1297; x_wconf 89' lang='lat' dir='ltr'><strong>amicitiae</strong></span> <span class='ocrx_word' id='word_1_44' title='bbox 932 1249 995 1297; x_wconf 93' lang='lat' dir='ltr'><strong>non</strong></span> <span class='ocrx_word' id='word_1_45' title='bbox 1023 1237 1230 1314; x_wconf 75' lang='lat' dir='ltr'><strong>anteponant,</strong></span> <span class='ocrx_word' id='word_1_46' title='bbox 1264 1238 1311 1314; x_wconf 89' lang='lat' dir='ltr'><strong>ut,</strong></span> <span class='ocrx_word' id='word_1_47' title='bbox 1346 1255 1417 1301; x_wconf 92' lang='lat' dir='ltr'><strong>cum</strong></span> 
     </span>
     <span class='ocr_line' id='line_1_7' title="bbox 238 1339 1416 1424; baseline 0 -16"><span class='ocrx_word' id='word_1_48' title='bbox 238 1361 277 1408; x_wconf 85' lang='lat' dir='ltr'><strong>ex</strong></span> <span class='ocrx_word' id='word_1_49' title='bbox 312 1342 415 1407; x_wconf 89' lang='lat' dir='ltr'><strong>altera</strong></span> <span class='ocrx_word' id='word_1_50' title='bbox 443 1345 535 1422; x_wconf 88' lang='lat' dir='ltr'><strong>parte</strong></span> <span class='ocrx_word' id='word_1_51' title='bbox 563 1339 730 1421; x_wconf 90' lang='lat' dir='ltr'><strong>proposita</strong></span> <span class='ocrx_word' id='word_1_52' title='bbox 756 1339 835 1403; x_wconf 90' lang='lat' dir='ltr'><strong>haec</strong></span> <span class='ocrx_word' id='word_1_53' title='bbox 862 1339 937 1418; x_wconf 89' lang='lat' dir='ltr'><strong>sint,</strong></span> <span class='ocrx_word' id='word_1_54' title='bbox 973 1357 1011 1403; x_wconf 82' lang='lat' dir='ltr'><strong>ex</strong></span> <span class='ocrx_word' id='word_1_55' title='bbox 1039 1340 1141 1404; x_wconf 88' lang='lat' dir='ltr'><strong>altera</strong></span> <span class='ocrx_word' id='word_1_56' title='bbox 1167 1341 1218 1420; x_wconf 88' lang='lat' dir='ltr'><strong>ius</strong></span> <span class='ocrx_word' id='word_1_57' title='bbox 1246 1342 1416 1424; x_wconf 77' lang='lat' dir='ltr'><strong>amicitiae,</strong></span> 
     </span>
     <span class='ocr_line' id='line_1_8' title="bbox 237 1445 1417 1516; baseline -0.001 0"><span class='ocrx_word' id='word_1_58' title='bbox 237 1469 302 1516; x_wconf 89' lang='lat' dir='ltr'><strong>non</strong></span> <span class='ocrx_word' id='word_1_59' title='bbox 329 1448 431 1514; x_wconf 91' lang='lat' dir='ltr'><strong>multo</strong></span> <span class='ocrx_word' id='word_1_60' title='bbox 458 1447 515 1512; x_wconf 90' lang='lat' dir='ltr'><strong>illa</strong></span> <span class='ocrx_word' id='word_1_61' title='bbox 542 1446 676 1512; x_wconf 81' lang='lat' dir='ltr'><strong>malint?</strong></span> <span class='ocrx_word' id='word_1_62' title='bbox 717 1445 865 1511; x_wconf 90' lang='lat' dir='ltr'><strong>inbecilla</strong></span> <span class='ocrx_word' id='word_1_63' title='bbox 893 1445 978 1510; x_wconf 89' lang='lat' dir='ltr'><strong>enim</strong></span> <span class='ocrx_word' id='word_1_64' title='bbox 1006 1452 1057 1511; x_wconf 88' lang='lat' dir='ltr'><strong>est</strong></span> <span class='ocrx_word' id='word_1_65' title='bbox 1084 1452 1199 1511; x_wconf 91' lang='lat' dir='ltr'><strong>natura</strong></span> <span class='ocrx_word' id='word_1_66' title='bbox 1217 1447 1258 1512; x_wconf 88' lang='lat' dir='ltr'><strong>ad</strong></span> <span class='ocrx_word' id='word_1_67' title='bbox 1276 1455 1417 1514; x_wconf 89' lang='lat' dir='ltr'><strong>contem·</strong></span> 
     </span>
     <span class='ocr_line' id='line_1_9' title="bbox 237 1553 1417 1637; baseline 0 -14"><span class='ocrx_word' id='word_1_68' title='bbox 237 1557 376 1623; x_wconf 83' lang='lat' dir='ltr'><strong>nondam</strong></span> <span class='ocrx_word' id='word_1_69' title='bbox 405 1559 460 1637; x_wconf 91' lang='lat' dir='ltr'><strong>pot</strong></span> <span class='ocrx_word' id='word_1_70' title='bbox 462 1573 501 1620; x_wconf 89' lang='lat' dir='ltr'><strong>en</strong></span> <span class='ocrx_word' id='word_1_71' title='bbox 503 1554 599 1634; x_wconf 92' lang='lat' dir='ltr'><strong>tiam;</strong></span> <span class='ocrx_word' id='word_1_72' title='bbox 635 1571 730 1635; x_wconf 90' lang='lat' dir='ltr'><strong>quam</strong></span> <span class='ocrx_word' id='word_1_73' title='bbox 757 1553 886 1617; x_wconf 92' lang='lat' dir='ltr'><strong>etiamsi</strong></span> <span class='ocrx_word' id='word_1_74' title='bbox 914 1553 1060 1635; x_wconf 87' lang='lat' dir='ltr'><strong>neglecta</strong></span> <span class='ocrx_word' id='word_1_75' title='bbox 1086 1554 1227 1618; x_wconf 88' lang='lat' dir='ltr'><strong>amicitia</strong></span> <span class='ocrx_word' id='word_1_76' title='bbox 1254 1558 1417 1623; x_wconf 87' lang='lat' dir='ltr'><strong>consecuti</strong></span> 
     </span>
     <span class='ocr_line' id='line_1_10' title="bbox 238 1659 1418 1744; baseline 0 -15"><span class='ocrx_word' id='word_1_77' title='bbox 238 1665 315 1744; x_wconf 85' lang='lat' dir='ltr'><strong>sint,</strong></span> <span class='ocrx_word' id='word_1_78' title='bbox 345 1663 495 1727; x_wconf 88' lang='lat' dir='ltr'><strong>obscurat</strong></span> <span class='ocrx_word' id='word_1_79' title='bbox 481 1666 550 1727; x_wconf 92' lang='lat' dir='ltr'><strong>tum</strong></span> <span class='ocrx_word' id='word_1_80' title='bbox 577 1660 619 1725; x_wconf 91' lang='lat' dir='ltr'><strong>iri</strong></span> <span class='ocrx_word' id='word_1_81' title='bbox 646 1660 731 1725; x_wconf 85' lang='lat' dir='ltr'><strong>arbit</strong></span> <span class='ocrx_word' id='word_1_82' title='bbox 717 1664 854 1739; x_wconf 85' lang='lat' dir='ltr'><strong>trantur,</strong></span> <span class='ocrx_word' id='word_1_83' title='bbox 888 1659 962 1741; x_wconf 89' lang='lat' dir='ltr'><strong>quia</strong></span> <span class='ocrx_word' id='word_1_84' title='bbox 989 1678 1053 1724; x_wconf 91' lang='lat' dir='ltr'><strong>non</strong></span> <span class='ocrx_word' id='word_1_85' title='bbox 1081 1661 1151 1726; x_wconf 90' lang='lat' dir='ltr'><strong>sine</strong></span> <span class='ocrx_word' id='word_1_86' title='bbox 1179 1679 1295 1743; x_wconf 90' lang='lat' dir='ltr'><strong>magna</strong></span> <span class='ocrx_word' id='word_1_87' title='bbox 1322 1682 1418 1729; x_wconf 84' lang='lat' dir='ltr'><strong>causa</strong></span> 
     </span>
     <span class='ocr_line' id='line_1_11' title="bbox 239 1766 1493 1851; baseline -0.006 -15"><span class='ocrx_word' id='word_1_88' title='bbox 239 1772 284 1836; x_wconf 92' lang='lat' dir='ltr'><strong>sit</strong></span> <span class='ocrx_word' id='word_1_89' title='bbox 317 1769 465 1851; x_wconf 88' lang='lat' dir='ltr'><strong>neglecta</strong></span> <span class='ocrx_word' id='word_1_90' title='bbox 497 1767 647 1833; x_wconf 88' lang='lat' dir='ltr'><strong>amicitia.</strong></span> <span class='ocrx_word' id='word_1_91' title='bbox 694 1769 804 1848; x_wconf 88' lang='lat' dir='ltr'><strong>itaque</strong></span> <span class='ocrx_word' id='word_1_92' title='bbox 838 1785 932 1831; x_wconf 87' lang='lat' dir='ltr'><strong>verae</strong></span> <span class='ocrx_word' id='word_1_93' title='bbox 964 1766 1124 1833; x_wconf 88' lang='lat' dir='ltr'><strong>amicitiae</strong></span> <span class='ocrx_word' id='word_1_94' title='bbox 1151 1766 1339 1834; x_wconf 87' lang='lat' dir='ltr'><strong>difficillime</strong></span> <span class='ocrx_word' id='word_1_95' title='bbox 1366 1789 1417 1836; x_wconf 91' lang='lat' dir='ltr'><strong>re·</strong></span> <span class='ocrx_word' id='word_1_96' title='bbox 1436 1778 1493 1830; x_wconf 84' lang='grc'><strong>64</strong></span> 
     </span>
     <span class='ocr_line' id='line_1_12' title="bbox 238 1872 1416 1959; baseline 0.001 -17"><span class='ocrx_word' id='word_1_97' title='bbox 238 1877 408 1959; x_wconf 87' lang='lat' dir='ltr'><strong>pariuntur</strong></span> <span class='ocrx_word' id='word_1_98' title='bbox 441 1876 474 1939; x_wconf 90' lang='lat' dir='ltr'><strong>in</strong></span> <span class='ocrx_word' id='word_1_99' title='bbox 507 1876 565 1954; x_wconf 90' lang='lat' dir='ltr'><strong>eis,</strong></span> <span class='ocrx_word' id='word_1_100' title='bbox 602 1875 717 1957; x_wconf 92' lang='lat' dir='ltr'><strong>quiin</strong></span> <span class='ocrx_word' id='word_1_101' title='bbox 749 1872 923 1938; x_wconf 83' lang='lat' dir='ltr'><strong>honoribus</strong></span> <span class='ocrx_word' id='word_1_102' title='bbox 955 1891 1054 1955; x_wconf 89' lang='lat' dir='ltr'><strong>reque</strong></span> <span class='ocrx_word' id='word_1_103' title='bbox 1082 1873 1208 1956; x_wconf 89' lang='lat' dir='ltr'><strong>publica</strong></span> <span class='ocrx_word' id='word_1_104' title='bbox 1235 1881 1366 1942; x_wconf 87' lang='lat' dir='ltr'><strong>versant</strong></span> <span class='ocrx_word' id='word_1_105' title='bbox 1366 1895 1416 1944; x_wconf 88' lang='lat' dir='ltr'><strong>ur.</strong></span> 
     </span>
     <span class='ocr_line' id='line_1_13' title="bbox 238 1980 1418 2070; baseline -0.001 -20"><span class='ocrx_word' id='word_1_106' title='bbox 238 1984 294 2050; x_wconf 92' lang='lat' dir='ltr'><strong>ubi</strong></span> <span class='ocrx_word' id='word_1_107' title='bbox 323 1983 407 2048; x_wconf 91' lang='lat' dir='ltr'><strong>enim</strong></span> <span class='ocrx_word' id='word_1_108' title='bbox 435 1981 533 2047; x_wconf 89' lang='lat' dir='ltr'><strong>istum</strong></span> <span class='ocrx_word' id='word_1_109' title='bbox 561 1980 716 2061; x_wconf 82' lang='lat' dir='ltr'><strong>invenias,</strong></span> <span class='ocrx_word' id='word_1_110' title='bbox 750 1981 805 2062; x_wconf 88' lang='lat' dir='ltr'><strong>qui</strong></span> <span class='ocrx_word' id='word_1_111' title='bbox 832 1980 986 2045; x_wconf 90' lang='lat' dir='ltr'><strong>honorem</strong></span> <span class='ocrx_word' id='word_1_112' title='bbox 1013 1982 1107 2056; x_wconf 85' lang='lat' dir='ltr'><strong>amici</strong></span> <span class='ocrx_word' id='word_1_113' title='bbox 1135 1987 1310 2070; x_wconf 87' lang='lat' dir='ltr'><strong>anteponat</strong></span> <span class='ocrx_word' id='word_1_114' title='bbox 1337 1984 1418 2049; x_wconf 81' lang='lat' dir='ltr'><strong>suc?</strong></span> 
     </span>
     <span class='ocr_line' id='line_1_14' title="bbox 239 2086 1417 2173; baseline 0.001 -18"><span class='ocrx_word' id='word_1_115' title='bbox 239 2090 340 2173; x_wconf 78' lang='lat' dir='ltr'><strong>quid?</strong></span> <span class='ocrx_word' id='word_1_116' title='bbox 374 2089 455 2154; x_wconf 89' lang='lat' dir='ltr'><strong>haec</strong></span> <span class='ocrx_word' id='word_1_117' title='bbox 472 2096 509 2153; x_wconf 93' lang='lat' dir='ltr'><strong>ut</strong></span> <span class='ocrx_word' id='word_1_118' title='bbox 527 2091 683 2168; x_wconf 91' lang='lat' dir='ltr'><strong>omittam,</strong></span> <span class='ocrx_word' id='word_1_119' title='bbox 710 2105 804 2169; x_wconf 87' lang='lat' dir='ltr'><strong>quam</strong></span> <span class='ocrx_word' id='word_1_120' title='bbox 823 2106 948 2168; x_wconf 78' lang='lat' dir='ltr'><strong>granea,</strong></span> <span class='ocrx_word' id='word_1_121' title='bbox 975 2106 1068 2169; x_wconf 89' lang='lat' dir='ltr'><strong>quam</strong></span> <span class='ocrx_word' id='word_1_122' title='bbox 1089 2086 1235 2153; x_wconf 86' lang='lat' dir='ltr'><strong>difficiles</strong></span> <span class='ocrx_word' id='word_1_123' title='bbox 1254 2090 1417 2173; x_wconf 87' lang='lat' dir='ltr'><strong>plerisque</strong></span> 
     </span>
     <span class='ocr_line' id='line_1_15' title="bbox 238 2183 1418 2276; baseline 0 -13"><span class='ocrx_word' id='word_1_124' title='bbox 238 2197 390 2263; x_wconf 86' lang='lat' dir='ltr'><strong>videntur</strong></span> <span class='ocrx_word' id='word_1_125' title='bbox 408 2183 624 2267; x_wconf 70' lang='lat' dir='ltr'><strong>calamitatum</strong></span> <span class='ocrx_word' id='word_1_126' title='bbox 643 2195 829 2260; x_wconf 78' lang='lat' dir='ltr'><strong>societates!</strong></span> <span class='ocrx_word' id='word_1_127' title='bbox 865 2194 905 2259; x_wconf 88' lang='lat' dir='ltr'><strong>ad</strong></span> <span class='ocrx_word' id='word_1_128' title='bbox 925 2213 1004 2276; x_wconf 90' lang='lat' dir='ltr'><strong>quas</strong></span> <span class='ocrx_word' id='word_1_129' title='bbox 1024 2213 1086 2260; x_wconf 91' lang='lat' dir='ltr'><strong>non</strong></span> <span class='ocrx_word' id='word_1_130' title='bbox 1106 2200 1157 2260; x_wconf 88' lang='lat' dir='ltr'><strong>est</strong></span> <span class='ocrx_word' id='word_1_131' title='bbox 1174 2193 1268 2260; x_wconf 88' lang='lat' dir='ltr'><strong>facile</strong></span> <span class='ocrx_word' id='word_1_132' title='bbox 1286 2198 1418 2263; x_wconf 86' lang='lat' dir='ltr'><strong>inventu</strong></span> 
     </span>
     <span class='ocr_line' id='line_1_16' title="bbox 240 2301 1042 2386; baseline -0.004 -17"><span class='ocrx_word' id='word_1_133' title='bbox 240 2305 296 2386; x_wconf 90' lang='lat' dir='ltr'><strong>qui</strong></span> <span class='ocrx_word' id='word_1_134' title='bbox 322 2303 527 2368; x_wconf 90' lang='lat' dir='ltr'><strong>descendant.</strong></span> <span class='ocrx_word' id='word_1_135' title='bbox 575 2319 765 2385; x_wconf 89' lang='lat' dir='ltr'><strong>quamquam</strong></span> <span class='ocrx_word' id='word_1_136' title='bbox 790 2301 913 2366; x_wconf 89' lang='lat' dir='ltr'><strong>Ennius</strong></span> <span class='ocrx_word' id='word_1_137' title='bbox 939 2307 1042 2366; x_wconf 83' lang='lat' dir='ltr'><strong>recte:</strong></span> 
     </span>
    </p>

    <p class='ocr_par' dir='ltr' id='par_1_3' title="bbox 238 2409 1479 3025">
     <span class='ocr_line' id='line_1_17' title="bbox 284 2409 1159 2488; baseline -0.002 -13"><span class='ocrx_word' id='word_1_138' title='bbox 284 2414 439 2476; x_wconf 80' lang='lat' dir='ltr'><strong>amicus</strong></span> <span class='ocrx_word' id='word_1_139' title='bbox 468 2413 608 2473; x_wconf 88' lang='lat' dir='ltr'><strong>certus</strong></span> <span class='ocrx_word' id='word_1_140' title='bbox 635 2413 675 2473; x_wconf 90' lang='lat' dir='ltr'><strong>ln</strong></span> <span class='ocrx_word' id='word_1_141' title='bbox 702 2427 744 2473; x_wconf 90' lang='lat' dir='ltr'><strong>re</strong></span> <span class='ocrx_word' id='word_1_142' title='bbox 772 2409 933 2473; x_wconf 86' lang='lat' dir='ltr'><strong>incerta</strong></span> <span class='ocrx_word' id='word_1_143' title='bbox 961 2409 1159 2488; x_wconf 79' lang='lat' dir='ltr'><strong>cernitur,</strong></span> 
     </span>
     <span class='ocr_line' id='line_1_18' title="bbox 238 2513 1417 2598; baseline -0.001 -16"><span class='ocrx_word' id='word_1_144' title='bbox 238 2523 347 2582; x_wconf 87' lang='lat' dir='ltr'><strong>tamen</strong></span> <span class='ocrx_word' id='word_1_145' title='bbox 372 2516 452 2581; x_wconf 88' lang='lat' dir='ltr'><strong>haec</strong></span> <span class='ocrx_word' id='word_1_146' title='bbox 477 2516 540 2580; x_wconf 92' lang='lat' dir='ltr'><strong>duo</strong></span> <span class='ocrx_word' id='word_1_147' title='bbox 566 2517 707 2580; x_wconf 86' lang='lat' dir='ltr'><strong>levitatis</strong></span> <span class='ocrx_word' id='word_1_148' title='bbox 734 2520 767 2580; x_wconf 92' lang='lat' dir='ltr'><strong>et</strong></span> <span class='ocrx_word' id='word_1_149' title='bbox 792 2513 989 2592; x_wconf 89' lang='lat' dir='ltr'><strong>infirmitatis</strong></span> <span class='ocrx_word' id='word_1_150' title='bbox 1016 2517 1187 2598; x_wconf 81' lang='lat' dir='ltr'><strong>plerosque</strong></span> <span class='ocrx_word' id='word_1_151' title='bbox 1215 2517 1417 2598; x_wconf 87' lang='lat' dir='ltr'><strong>convincunt,</strong></span> 
     </span>
     <span class='ocr_line' id='line_1_19' title="bbox 240 2619 1416 2702; baseline 0 -12"><span class='ocrx_word' id='word_1_152' title='bbox 240 2629 298 2690; x_wconf 87' lang='lat' dir='ltr'><strong>aut</strong></span> <span class='ocrx_word' id='word_1_153' title='bbox 329 2625 358 2690; x_wconf 89' lang='lat' dir='ltr'><strong>si</strong></span> <span class='ocrx_word' id='word_1_154' title='bbox 386 2623 419 2688; x_wconf 93' lang='lat' dir='ltr'><strong>in</strong></span> <span class='ocrx_word' id='word_1_155' title='bbox 447 2623 539 2688; x_wconf 90' lang='lat' dir='ltr'><strong>bonis</strong></span> <span class='ocrx_word' id='word_1_156' title='bbox 568 2622 664 2687; x_wconf 88' lang='lat' dir='ltr'><strong>rebus</strong></span> <span class='ocrx_word' id='word_1_157' title='bbox 693 2619 901 2687; x_wconf 88' lang='lat' dir='ltr'><strong>contemnunt</strong></span> <span class='ocrx_word' id='word_1_158' title='bbox 928 2620 1043 2702; x_wconf 71' lang='lat' dir='ltr'><strong>autcc&#39;</strong></span> <span class='ocrx_word' id='word_1_159' title='bbox 1070 2623 1105 2686; x_wconf 92' lang='lat' dir='ltr'><strong>in</strong></span> <span class='ocrx_word' id='word_1_160' title='bbox 1132 2623 1225 2688; x_wconf 91' lang='lat' dir='ltr'><strong>malis</strong></span> <span class='ocrx_word' id='word_1_161' title='bbox 1254 2623 1416 2691; x_wconf 86' lang='lat' dir='ltr'><strong>deserunt.</strong></span> 
     </span>
     <span class='ocr_line' id='line_1_20' title="bbox 241 2730 1479 2814; baseline -0.003 -18"><span class='ocrx_word' id='word_1_162' title='bbox 241 2732 296 2814; x_wconf 90' lang='lat' dir='ltr'><strong>qui</strong></span> <span class='ocrx_word' id='word_1_163' title='bbox 323 2732 424 2814; x_wconf 87' lang='lat' dir='ltr'><strong>igitur</strong></span> <span class='ocrx_word' id='word_1_164' title='bbox 447 2734 588 2813; x_wconf 88' lang='lat' dir='ltr'><strong>utraque</strong></span> <span class='ocrx_word' id='word_1_165' title='bbox 615 2731 648 2795; x_wconf 92' lang='lat' dir='ltr'><strong>in</strong></span> <span class='ocrx_word' id='word_1_166' title='bbox 676 2748 712 2793; x_wconf 91' lang='lat' dir='ltr'><strong>re</strong></span> <span class='ocrx_word' id='word_1_167' title='bbox 740 2747 879 2810; x_wconf 85' lang='lat' dir='ltr'><strong>gravem,</strong></span> <span class='ocrx_word' id='word_1_168' title='bbox 909 2733 1118 2810; x_wconf 88' lang='lat' dir='ltr'><strong>constantem,</strong></span> <span class='ocrx_word' id='word_1_169' title='bbox 1148 2730 1296 2794; x_wconf 87' lang='lat' dir='ltr'><strong>stabilem</strong></span> <span class='ocrx_word' id='word_1_170' title='bbox 1323 2749 1359 2797; x_wconf 89' lang='lat' dir='ltr'><strong>se</strong></span> <span class='ocrx_word' id='word_1_171' title='bbox 1384 2732 1418 2797; x_wconf 93' lang='lat' dir='ltr'><strong>in</strong></span> <span class='ocrx_word' id='word_1_172' title='bbox 1439 2735 1479 2793; x_wconf 75' lang='lat'><strong>1⁸</strong></span> 
     </span>
     <span class='ocr_line' id='line_1_21' title="bbox 238 2836 1417 2921; baseline -0.001 -18"><span class='ocrx_word' id='word_1_173' title='bbox 238 2839 382 2903; x_wconf 88' lang='lat' dir='ltr'><strong>amicitia</strong></span> <span class='ocrx_word' id='word_1_174' title='bbox 417 2837 539 2918; x_wconf 89' lang='lat' dir='ltr'><strong>praesti</strong></span> <span class='ocrx_word' id='word_1_175' title='bbox 529 2837 629 2921; x_wconf 89' lang='lat' dir='ltr'><strong>r‚terit</strong></span> <span class='ocrx_word' id='word_1_176' title='bbox 605 2836 748 2900; x_wconf 87' lang='lat' dir='ltr'><strong>thuna</strong></span> <span class='ocrx_word' id='word_1_177' title='bbox 776 2855 815 2901; x_wconf 89' lang='lat' dir='ltr'><strong>ex</strong></span> <span class='ocrx_word' id='word_1_178' title='bbox 841 2836 980 2901; x_wconf 81' lang='lat' dir='ltr'><strong>maxime</strong></span> <span class='ocrx_word' id='word_1_179' title='bbox 1008 2855 1081 2902; x_wconf 89' lang='lat' dir='ltr'><strong>raro</strong></span> <span class='ocrx_word' id='word_1_180' title='bbox 1109 2855 1226 2919; x_wconf 85' lang='lat' dir='ltr'><strong>genere</strong></span> <span class='ocrx_word' id='word_1_181' title='bbox 1254 2837 1417 2903; x_wconf 90' lang='lat' dir='ltr'><strong>hominum</strong></span> 
     </span>
     <span class='ocr_line' id='line_1_22' title="bbox 239 2942 903 3025; baseline -0.002 -16"><span class='ocrx_word' id='word_1_182' title='bbox 239 2946 384 3012; x_wconf 88' lang='lat' dir='ltr'><strong>iudicare</strong></span> <span class='ocrx_word' id='word_1_183' title='bbox 412 2943 628 3009; x_wconf 90' lang='lat' dir='ltr'><strong>debemust</strong></span> <span class='ocrx_word' id='word_1_184' title='bbox 595 2948 628 3007; x_wconf 90' lang='lat' dir='ltr'><strong>ct</strong></span> <span class='ocrx_word' id='word_1_185' title='bbox 656 2961 757 3025; x_wconf 87' lang='lat' dir='ltr'><strong>paene</strong></span> <span class='ocrx_word' id='word_1_186' title='bbox 786 2942 903 3008; x_wconf 90' lang='lat' dir='ltr'><strong>divino.</strong></span> 
     </span>
    </p>

    <p class='ocr_par' dir='ltr' id='par_1_4' title="bbox 238 3050 1473 4310">
     <span class='ocr_line' id='line_1_23' title="bbox 329 3050 1473 3133; baseline -0.004 -17"><span class='ocrx_word' id='word_1_187' title='bbox 329 3051 528 3116; x_wconf 87' lang='lat' dir='ltr'><strong>Firmament</strong></span> <span class='ocrx_word' id='word_1_188' title='bbox 513 3054 584 3116; x_wconf 90' lang='lat' dir='ltr'><strong>tum</strong></span> <span class='ocrx_word' id='word_1_189' title='bbox 611 3056 719 3114; x_wconf 90' lang='lat' dir='ltr'><strong>autem</strong></span> <span class='ocrx_word' id='word_1_190' title='bbox 748 3050 917 3114; x_wconf 85' lang='lat' dir='ltr'><strong>stabilitet</strong></span> <span class='ocrx_word' id='word_1_191' title='bbox 893 3054 937 3114; x_wconf 91' lang='grc' dir='ltr'><strong>ιιι</strong></span> <span class='ocrx_word' id='word_1_192' title='bbox 965 3051 1230 3131; x_wconf 88' lang='lat' dir='ltr'><strong>constantiaeque</strong></span> <span class='ocrx_word' id='word_1_193' title='bbox 1258 3056 1310 3115; x_wconf 89' lang='lat' dir='ltr'><strong>est</strong></span> <span class='ocrx_word' id='word_1_194' title='bbox 1338 3053 1419 3133; x_wconf 86' lang='lat' dir='ltr'><strong>eius,</strong></span> <span class='ocrx_word' id='word_1_195' title='bbox 1438 3059 1473 3112; x_wconf 82' lang='lat'><strong>65</strong></span> 
     </span>
     <span class='ocr_line' id='line_1_24' title="bbox 240 3155 1418 3241; baseline 0 -18"><span class='ocrx_word' id='word_1_196' title='bbox 240 3177 335 3241; x_wconf 87' lang='lat' dir='ltr'><strong>quam</strong></span> <span class='ocrx_word' id='word_1_197' title='bbox 369 3158 403 3222; x_wconf 91' lang='lat' dir='ltr'><strong>in</strong></span> <span class='ocrx_word' id='word_1_198' title='bbox 438 3158 579 3222; x_wconf 87' lang='lat' dir='ltr'><strong>amicitia</strong></span> <span class='ocrx_word' id='word_1_199' title='bbox 614 3157 809 3240; x_wconf 69' lang='lat' dir='ltr'><strong>quaerimus</strong></span> <span class='ocrx_word' id='word_1_200' title='bbox 845 3155 943 3234; x_wconf 87' lang='lat' dir='ltr'><strong>tides;</strong></span> <span class='ocrx_word' id='word_1_201' title='bbox 978 3157 1059 3222; x_wconf 91' lang='lat' dir='ltr'><strong>nihil</strong></span> <span class='ocrx_word' id='word_1_202' title='bbox 1093 3162 1145 3222; x_wconf 90' lang='lat' dir='ltr'><strong>est</strong></span> <span class='ocrx_word' id='word_1_203' title='bbox 1176 3156 1322 3222; x_wconf 88' lang='lat' dir='ltr'><strong>enimt</strong></span> <span class='ocrx_word' id='word_1_204' title='bbox 1292 3157 1418 3239; x_wconf 82' lang='lat' dir='ltr'><strong>stabile,</strong></span> 
     </span>
     <span class='ocr_line' id='line_1_25' title="bbox 241 3262 1420 3347; baseline -0.003 -16"><span class='ocrx_word' id='word_1_205' title='bbox 241 3266 325 3347; x_wconf 88' lang='lat' dir='ltr'><strong>quod</strong></span> <span class='ocrx_word' id='word_1_206' title='bbox 366 3262 499 3329; x_wconf 87' lang='lat' dir='ltr'><strong>infidum</strong></span> <span class='ocrx_word' id='word_1_207' title='bbox 539 3269 598 3329; x_wconf 90' lang='lat' dir='ltr'><strong>est.</strong></span> <span class='ocrx_word' id='word_1_208' title='bbox 647 3265 824 3346; x_wconf 88' lang='lat' dir='ltr'><strong>simplicem</strong></span> <span class='ocrx_word' id='word_1_209' title='bbox 862 3268 1030 3345; x_wconf 85' lang='lat' dir='ltr'><strong>praeterea</strong></span> <span class='ocrx_word' id='word_1_210' title='bbox 1072 3269 1105 3329; x_wconf 89' lang='lat' dir='ltr'><strong>et</strong></span> <span class='ocrx_word' id='word_1_211' title='bbox 1146 3283 1344 3344; x_wconf 90' lang='lat' dir='ltr'><strong>communem</strong></span> <span class='ocrx_word' id='word_1_212' title='bbox 1387 3269 1420 3330; x_wconf 88' lang='lat' dir='ltr'><strong>et</strong></span> 
     </span>
     <span class='ocr_line' id='line_1_26' title="bbox 240 3370 1420 3455; baseline -0.003 -17"><span class='ocrx_word' id='word_1_213' title='bbox 240 3372 507 3455; x_wconf 84' lang='lat' dir='ltr'><strong>consentientem,</strong></span> <span class='ocrx_word' id='word_1_214' title='bbox 542 3371 576 3438; x_wconf 88' lang='lat' dir='ltr'><strong>id</strong></span> <span class='ocrx_word' id='word_1_215' title='bbox 611 3377 662 3436; x_wconf 92' lang='lat' dir='ltr'><strong>est</strong></span> <span class='ocrx_word' id='word_1_216' title='bbox 690 3372 745 3453; x_wconf 91' lang='lat' dir='ltr'><strong>qui</strong></span> <span class='ocrx_word' id='word_1_217' title='bbox 772 3371 868 3436; x_wconf 88' lang='lat' dir='ltr'><strong>rebus</strong></span> <span class='ocrx_word' id='word_1_218' title='bbox 898 3370 1019 3436; x_wconf 87' lang='lat' dir='ltr'><strong>eisdem</strong></span> <span class='ocrx_word' id='word_1_219' title='bbox 1047 3376 1221 3452; x_wconf 90' lang='lat' dir='ltr'><strong>moveatur,</strong></span> <span class='ocrx_word' id='word_1_220' title='bbox 1257 3372 1332 3452; x_wconf 82' lang='lat' dir='ltr'><strong>eligi</strong></span> <span class='ocrx_word' id='word_1_221' title='bbox 1362 3390 1420 3453; x_wconf 87' lang='lat' dir='ltr'><strong>par</strong></span> 
     </span>
     <span class='ocr_line' id='line_1_27' title="bbox 239 3477 1418 3561; baseline 0 -17"><span class='ocrx_word' id='word_1_222' title='bbox 239 3483 301 3558; x_wconf 89' lang='lat' dir='ltr'><strong>est,</strong></span> <span class='ocrx_word' id='word_1_223' title='bbox 331 3497 413 3560; x_wconf 86' lang='lat' dir='ltr'><strong>quae</strong></span> <span class='ocrx_word' id='word_1_224' title='bbox 442 3480 549 3543; x_wconf 90' lang='lat' dir='ltr'><strong>omnia</strong></span> <span class='ocrx_word' id='word_1_225' title='bbox 575 3479 741 3559; x_wconf 87' lang='lat' dir='ltr'><strong>pertinent</strong></span> <span class='ocrx_word' id='word_1_226' title='bbox 768 3478 809 3543; x_wconf 83' lang='lat' dir='ltr'><strong>ad</strong></span> <span class='ocrx_word' id='word_1_227' title='bbox 836 3477 1037 3543; x_wconf 89' lang='lat' dir='ltr'><strong>fidelitatem.</strong></span> <span class='ocrx_word' id='word_1_228' title='bbox 1080 3479 1294 3561; x_wconf 89' lang='lat' dir='ltr'><strong>nequeenim</strong></span> <span class='ocrx_word' id='word_1_229' title='bbox 1320 3477 1418 3544; x_wconf 90' lang='lat' dir='ltr'><strong>fidum</strong></span> 
     </span>
     <span class='ocr_line' id='line_1_28' title="bbox 238 3585 1419 3668; baseline 0 -17"><span class='ocrx_word' id='word_1_230' title='bbox 238 3589 349 3667; x_wconf 90' lang='lat' dir='ltr'><strong>potest</strong></span> <span class='ocrx_word' id='word_1_231' title='bbox 377 3602 449 3649; x_wconf 85' lang='lat' dir='ltr'><strong>esse</strong></span> <span class='ocrx_word' id='word_1_232' title='bbox 477 3585 645 3667; x_wconf 86' lang='lat' dir='ltr'><strong>multiplex</strong></span> <span class='ocrx_word' id='word_1_233' title='bbox 672 3586 837 3666; x_wconf 84' lang='lat' dir='ltr'><strong>ingenium</strong></span> <span class='ocrx_word' id='word_1_234' title='bbox 865 3591 899 3650; x_wconf 89' lang='lat' dir='ltr'><strong>et</strong></span> <span class='ocrx_word' id='word_1_235' title='bbox 925 3590 1107 3650; x_wconf 89' lang='lat' dir='ltr'><strong>tortuosum</strong></span> <span class='ocrx_word' id='word_1_236' title='bbox 1125 3602 1230 3668; x_wconf 86' lang='lat' dir='ltr'><strong>neque</strong></span> <span class='ocrx_word' id='word_1_237' title='bbox 1248 3603 1335 3665; x_wconf 85' lang='lat' dir='ltr'><strong>vero,</strong></span> <span class='ocrx_word' id='word_1_238' title='bbox 1364 3588 1419 3668; x_wconf 88' lang='lat' dir='ltr'><strong>qui</strong></span> 
     </span>
     <span class='ocr_line' id='line_1_29' title="bbox 238 3691 1419 3774; baseline -0.001 -16"><span class='ocrx_word' id='word_1_239' title='bbox 238 3711 303 3758; x_wconf 89' lang='lat' dir='ltr'><strong>non</strong></span> <span class='ocrx_word' id='word_1_240' title='bbox 331 3692 455 3756; x_wconf 87' lang='lat' dir='ltr'><strong>eisdem</strong></span> <span class='ocrx_word' id='word_1_241' title='bbox 483 3692 579 3757; x_wconf 88' lang='lat' dir='ltr'><strong>rebus</strong></span> <span class='ocrx_word' id='word_1_242' title='bbox 607 3696 715 3757; x_wconf 84' lang='lat' dir='ltr'><strong>moret</strong></span> <span class='ocrx_word' id='word_1_243' title='bbox 716 3712 755 3756; x_wconf 89' lang='lat' dir='ltr'><strong>ur</strong></span> <span class='ocrx_word' id='word_1_244' title='bbox 781 3696 838 3756; x_wconf 89' lang='lat' dir='ltr'><strong>nat</strong></span> <span class='ocrx_word' id='word_1_245' title='bbox 839 3710 960 3774; x_wconf 82' lang='lat' dir='ltr'><strong>unaque</strong></span> <span class='ocrx_word' id='word_1_246' title='bbox 989 3694 1158 3773; x_wconf 88' lang='lat' dir='ltr'><strong>consentit,</strong></span> <span class='ocrx_word' id='word_1_247' title='bbox 1187 3697 1244 3757; x_wconf 87' lang='lat' dir='ltr'><strong>aut</strong></span> <span class='ocrx_word' id='word_1_248' title='bbox 1262 3691 1419 3758; x_wconf 86' lang='lat' dir='ltr'><strong>fidust</strong></span> <span class='ocrx_word' id='word_1_249' title='bbox 1364 3699 1419 3757; x_wconf 90' lang='lat' dir='ltr'><strong>aut</strong></span> 
     </span>
     <span class='ocr_line' id='line_1_30' title="bbox 240 3798 1417 3879; baseline 0 -15"><span class='ocrx_word' id='word_1_250' title='bbox 240 3798 368 3864; x_wconf 86' lang='lat' dir='ltr'><strong>stabilis</strong></span> <span class='ocrx_word' id='word_1_251' title='bbox 397 3802 507 3879; x_wconf 93' lang='lat' dir='ltr'><strong>potest</strong></span> <span class='ocrx_word' id='word_1_252' title='bbox 535 3816 616 3864; x_wconf 89' lang='lat' dir='ltr'><strong>esse.</strong></span> <span class='ocrx_word' id='word_1_253' title='bbox 659 3799 839 3864; x_wconf 87' lang='lat' dir='ltr'><strong>addendum</strong></span> <span class='ocrx_word' id='word_1_254' title='bbox 868 3799 1060 3864; x_wconf 86' lang='lat' dir='ltr'><strong>sodemt</strong></span> <span class='ocrx_word' id='word_1_255' title='bbox 1010 3804 1070 3878; x_wconf 90' lang='lat' dir='ltr'><strong>est,</strong></span> <span class='ocrx_word' id='word_1_256' title='bbox 1099 3805 1204 3864; x_wconf 91' lang='lat' dir='ltr'><strong>utne</strong></span> <span class='ocrx_word' id='word_1_257' title='bbox 1233 3799 1417 3864; x_wconf 87' lang='lat' dir='ltr'><strong>criminibus</strong></span> 
     </span>
     <span class='ocr_line' id='line_1_31' title="bbox 239 3903 1419 3990; baseline -0.002 -19"><span class='ocrx_word' id='word_1_258' title='bbox 239 3911 297 3971; x_wconf 91' lang='lat' dir='ltr'><strong>aut</strong></span> <span class='ocrx_word' id='word_1_259' title='bbox 330 3903 507 3970; x_wconf 85' lang='lat' dir='ltr'><strong>inferendis</strong></span> <span class='ocrx_word' id='word_1_260' title='bbox 543 3904 681 3970; x_wconf 88' lang='lat' dir='ltr'><strong>delectet</strong></span> <span class='ocrx_word' id='word_1_261' title='bbox 633 3910 720 3970; x_wconf 90' lang='lat' dir='ltr'><strong>tetur</strong></span> <span class='ocrx_word' id='word_1_262' title='bbox 754 3910 810 3970; x_wconf 91' lang='lat' dir='ltr'><strong>aut</strong></span> <span class='ocrx_word' id='word_1_263' title='bbox 796 3906 952 3970; x_wconf 86' lang='lat' dir='ltr'><strong>teredat</strong></span> <span class='ocrx_word' id='word_1_264' title='bbox 979 3905 1076 3971; x_wconf 86' lang='lat' dir='ltr'><strong>ablat</strong></span> <span class='ocrx_word' id='word_1_265' title='bbox 1053 3911 1107 3987; x_wconf 80' lang='grc' dir='ltr'><strong>ιιι,</strong></span> <span class='ocrx_word' id='word_1_266' title='bbox 1146 3925 1227 3990; x_wconf 89' lang='lat' dir='ltr'><strong>quae</strong></span> <span class='ocrx_word' id='word_1_267' title='bbox 1255 3907 1419 3988; x_wconf 89' lang='lat' dir='ltr'><strong>pertinent</strong></span> 
     </span>
     <span class='ocr_line' id='line_1_32' title="bbox 238 4013 1417 4094; baseline -0.002 -17"><span class='ocrx_word' id='word_1_268' title='bbox 238 4013 346 4077; x_wconf 87' lang='lat' dir='ltr'><strong>omnia</strong></span> <span class='ocrx_word' id='word_1_269' title='bbox 381 4013 422 4076; x_wconf 88' lang='lat' dir='ltr'><strong>ad</strong></span> <span class='ocrx_word' id='word_1_270' title='bbox 456 4031 537 4092; x_wconf 87' lang='lat' dir='ltr'><strong>eam,</strong></span> <span class='ocrx_word' id='word_1_271' title='bbox 574 4030 668 4094; x_wconf 90' lang='lat' dir='ltr'><strong>quam</strong></span> <span class='ocrx_word' id='word_1_272' title='bbox 702 4015 767 4078; x_wconf 93' lang='lat' dir='ltr'><strong>iam</strong></span> <span class='ocrx_word' id='word_1_273' title='bbox 802 4014 921 4090; x_wconf 74' lang='lat' dir='ltr'><strong>durium</strong></span> <span class='ocrx_word' id='word_1_274' title='bbox 954 4018 1068 4094; x_wconf 86' lang='lat' dir='ltr'><strong>tracto,</strong></span> <span class='ocrx_word' id='word_1_275' title='bbox 1103 4016 1325 4080; x_wconf 87' lang='lat' dir='ltr'><strong>constantiam.</strong></span> <span class='ocrx_word' id='word_1_276' title='bbox 1371 4013 1417 4076; x_wconf 88' lang='lat' dir='ltr'><strong>ita</strong></span> 
     </span>
     <span class='ocr_line' id='line_1_33' title="bbox 238 4118 1417 4200; baseline 0.001 -17"><span class='ocrx_word' id='word_1_277' title='bbox 238 4118 275 4183; x_wconf 90' lang='lat' dir='ltr'><strong>fit</strong></span> <span class='ocrx_word' id='word_1_278' title='bbox 302 4138 414 4184; x_wconf 85' lang='lat' dir='ltr'><strong>uerum</strong></span> <span class='ocrx_word' id='word_1_279' title='bbox 441 4119 531 4199; x_wconf 92' lang='lat' dir='ltr'><strong>illud,</strong></span> <span class='ocrx_word' id='word_1_280' title='bbox 567 4120 652 4200; x_wconf 88' lang='lat' dir='ltr'><strong>quod</strong></span> <span class='ocrx_word' id='word_1_281' title='bbox 680 4120 772 4186; x_wconf 90' lang='lat' dir='ltr'><strong>initio</strong></span> <span class='ocrx_word' id='word_1_282' title='bbox 802 4121 878 4198; x_wconf 85' lang='lat' dir='ltr'><strong>dixi,</strong></span> <span class='ocrx_word' id='word_1_283' title='bbox 911 4121 1096 4192; x_wconf 54' lang='lat' dir='ltr'><strong>amicitiam,</strong></span> <span class='ocrx_word' id='word_1_284' title='bbox 1114 4121 1177 4186; x_wconf 90' lang='lat' dir='ltr'><strong>nisi</strong></span> <span class='ocrx_word' id='word_1_285' title='bbox 1205 4122 1289 4185; x_wconf 86' lang='lat' dir='ltr'><strong>inter</strong></span> <span class='ocrx_word' id='word_1_286' title='bbox 1315 4119 1417 4184; x_wconf 90' lang='lat' dir='ltr'><strong>bonas</strong></span> 
     </span>
     <span class='ocr_line' id='line_1_34' title="bbox 238 4227 1416 4310; baseline -0.002 -18"><span class='ocrx_word' id='word_1_287' title='bbox 238 4245 312 4292; x_wconf 90' lang='lat' dir='ltr'><strong>esse</strong></span> <span class='ocrx_word' id='word_1_288' title='bbox 338 4245 401 4291; x_wconf 93' lang='lat' dir='ltr'><strong>non</strong></span> <span class='ocrx_word' id='word_1_289' title='bbox 427 4245 533 4308; x_wconf 88' lang='lat' dir='ltr'><strong>posse.</strong></span> <span class='ocrx_word' id='word_1_290' title='bbox 576 4232 628 4292; x_wconf 91' lang='lat' dir='ltr'><strong>est</strong></span> <span class='ocrx_word' id='word_1_291' title='bbox 653 4228 738 4292; x_wconf 91' lang='lat' dir='ltr'><strong>enim</strong></span> <span class='ocrx_word' id='word_1_292' title='bbox 764 4228 839 4294; x_wconf 93' lang='lat' dir='ltr'><strong>boni</strong></span> <span class='ocrx_word' id='word_1_293' title='bbox 865 4227 936 4308; x_wconf 86' lang='lat' dir='ltr'><strong>viri,</strong></span> <span class='ocrx_word' id='word_1_294' title='bbox 964 4247 1059 4310; x_wconf 91' lang='lat' dir='ltr'><strong>quem</strong></span> <span class='ocrx_word' id='word_1_295' title='bbox 1083 4228 1219 4293; x_wconf 88' lang='lat' dir='ltr'><strong>eundem</strong></span> <span class='ocrx_word' id='word_1_296' title='bbox 1239 4228 1416 4308; x_wconf 89' lang='lat' dir='ltr'><strong>sapientem</strong></span> 
     </span>
    </p>
   </div>
   <div class='ocr_carea' id='block_1_3' title="bbox 0 0 1652 4754">
    <p class='ocr_par' dir='ltr' id='par_1_5' title="bbox 0 0 1652 4754">
     <span class='ocr_line' id='line_1_35' title="bbox 0 0 1652 4754; baseline 0 0"><span class='ocrx_word' id='word_1_297' title='bbox 0 0 1652 4754; x_wconf 95' lang='lat' dir='ltr'><strong> </strong></span> 
     </span>
    </p>
   </div>
  </div>
 </body>
</html>
