3296 4754
242 591 283 652 as
631 585 674 640 nr.
693 547 819 642 111111
837 577 1031 642 dioscorus

239 816 363 892 centur,
395 811 530 890 videtis3
565 811 627 876 hcc
653 829 728 876 vere
755 817 863 876 tamen
890 809 969 877 licet
995 813 1111 894 dicere,
1146 812 1181 878 P.
1213 811 1354 896 Scipioni
1382 833 1422 879 ex

239 918 351 982 multis
386 917 510 998 diebus,
546 936 626 1000 quos
661 918 695 982 in
728 919 795 984 vita
830 919 1054 985 celeberrimos
1086 921 1346 1004 laetissimosque
1373 923 1423 996 viz

240 1025 336 1106 derit,
373 1024 463 1090 illum
501 1024 586 1090 diem
624 1024 837 1090 clarissimum
873 1025 984 1108 fuisse,
1027 1044 1097 1091 curn
1135 1033 1250 1108 senatu
1287 1028 1423 1094 dimisso

241 1132 369 1196 domum
410 1131 564 1198 reductus
605 1132 646 1197 ad
686 1150 856 1226 vesperum
893 1139 944 1199 est
980 1153 1000 1198 1
1035 1134 1181 1214 patribus
1220 1135 1422 1217 conscriptis,

241 1239 359 1321 populo
386 1237 540 1319 Romano,
569 1239 666 1304 sociis
694 1243 728 1304 et
750 1238 885 1320 Latinis,
914 1241 1017 1322 pridie
1037 1259 1132 1322 quam
1151 1232 1290 1307 excessit
1308 1261 1326 1307 e
1345 1242 1424 1323 vita,

240 1351 278 1410 ut
312 1365 351 1410 ex
385 1349 451 1410 tam
485 1347 551 1411 olto
585 1343 754 1427 dignitatis
789 1337 891 1428 gradu
924 1347 966 1412 ad
1000 1365 1134 1428 superos
1168 1348 1317 1414 videatur
1344 1349 1425 1414 deos

240 1452 350 1544 potius
378 1471 474 1534 quam
501 1452 543 1518 ad
570 1451 692 1518 inferos
720 1455 917 1534 pervenisse.
1432 1525 1435 1530 ,

189 1531 222 1654 s}
328 1558 441 1647 Neque
460 1551 461 1556 ’
483 1559 568 1624 enim
610 1557 775 1625 adsentior
812 1561 870 1641 eis,
913 1561 969 1643 qui
1004 1562 1084 1627 haec
1119 1581 1223 1644 nuper
1261 1561 1424 1628 disserere

239 1674 424 1747 coeperunt,
454 1685 524 1731 cum
553 1667 740 1748 corporibus
769 1667 865 1732 simul
892 1669 1015 1734 animos
1043 1669 1178 1735 interire
1197 1673 1294 1751 atque
1315 1670 1422 1734 omnia

238 1779 344 1838 morte
371 1772 482 1838 deleri.
521 1773 594 1855 plus
622 1775 708 1856 apud
735 1793 787 1839 me
815 1777 1020 1857 antiquorum
1045 1777 1220 1842 auctoritas
1246 1776 1342 1856 valet,
1370 1777 1423 1842 111

238 1884 422 1946 nostrorum
456 1877 624 1961 maiorum,
660 1882 715 1963 qui
748 1883 884 1947 mortuis
919 1888 985 1948 tam
1020 1883 1173 1966 religiosa
1200 1884 1271 1948 iura
1298 1881 1423 1948 tribue-

238 1992 324 2068 runt,
361 1987 445 2069 quod
479 2005 543 2052 non
571 1986 724 2053 fecissent
751 1987 905 2070 prolecto,
941 1989 969 2054 si
996 1989 1077 2055 nihil
1104 1991 1146 2054 ad
1173 2008 1228 2055 ecs
1257 1991 1423 2071 pertinere

239 2094 485 2175 arbitrarentur,
519 2095 571 2160 111
599 2112 719 2175 eorum,
756 2097 871 2177 quiin
899 2096 959 2161 hac
985 2101 1072 2162 11111
1099 2086 1231 2162 fuerunt
1258 2116 1424 2178 magnam·

241 2220 302 2282 que
331 2199 510 2282 Graeciam,
547 2220 629 2283 quae
666 2220 749 2267 nunc
784 2203 913 2284 quidem
948 2204 1054 2268 deleta
1081 2209 1142 2285 est,
1180 2208 1249 2268 tum
1277 2203 1425 2284 florebat,

239 2309 400 2374 institutis
429 2314 462 2373 et
490 2308 673 2390 praeceptis
693 2311 761 2376 suis
781 2301 979 2393 erudierunt,
1007 2312 1060 2376 vel
1078 2311 1159 2391 eius,
1188 2312 1244 2393 qui
1261 2311 1423 2392 Apollinis

240 2415 367 2480 oraculo
406 2416 666 2497 sapientissimus
701 2422 752 2482 est
778 2418 947 2508 iudicatus.
995 2418 1051 2500 qui
1078 2437 1142 2483 non
1157 2423 1239 2483 ¹tum
1267 2419 1327 2482 hoc
1355 2424 1425 2483 tum

240 2521 330 2601 illud,
368 2526 406 2587 ut
442 2522 598 2604 plerique,
637 2524 695 2588 sed
733 2525 818 2588 idem
856 2543 983 2606 semper
1020 2519 1261 2606 contendebat,
1299 2525 1426 2590 animos

238 2629 403 2693 hominurn
438 2647 511 2694 esse
546 2629 670 2696 divinos
705 2632 827 2713 eisque,
863 2650 933 2696 cum
967 2651 1005 2696 ex
1033 2650 1164 2713 corpore
1193 2632 1420 2712 excessissent,

238 2736 378 2800 reditum
418 2737 453 2800 11
489 2736 612 2801 caelum
649 2742 761 2817 patere
798 2739 982 2820 optimoque
1020 2744 1053 2803 et
1088 2740 1267 2804 iustissimo
1306 2741 1424 2824 cuique

188 2853 220 2902 14
239 2843 525 2923 expeditissimum.
573 2844 659 2925 quod
692 2843 778 2910 idem
807 2835 948 2926 Scipioni
981 2845 1160 2926 videbatur,
1196 2847 1251 2928 qui
1279 2847 1422 2928 quidem,

238 2949 331 3031 quasi
367 2951 577 3031 praesagiret,
619 2951 788 3032 perpaucis
824 2957 898 3016 ante
935 2958 1072 3017 mortem
1109 2953 1233 3036 diebus,
1275 2972 1345 3018 cum
1387 2939 1423 3017 et

239 3056 351 3120 Philus
379 3066 413 3121 11
440 3057 592 3123 Manilius
620 3058 751 3122 adesset
779 3064 812 3122 et
839 3059 894 3124 1111
921 3059 1030 3140 plures
1058 3065 1158 3142 tuque
1187 3061 1294 3140 etiarn,
1326 3049 1423 3125 Scae-

239 3163 322 3243 vola,
350 3182 474 3229 mecum
502 3165 658 3246 venisses,
687 3165 829 3230 triduum
857 3166 1012 3232 disseruit
1037 3168 1076 3232 de
1102 3185 1137 3232 re
1156 3167 1300 3249 publica;
1329 3155 1424 3232 cuius

240 3270 468 3351 disputationis
503 3270 566 3336 suit
593 3275 770 3338 extremum
798 3272 866 3337 iere
894 3273 933 3338 de
961 3274 1202 3339 immortalitate
1230 3275 1424 3352 animorum,

240 3396 320 3458 quae
355 3371 391 3444 se
425 3379 459 3443 in
494 3379 603 3460 quiete
637 3397 695 3460 per
728 3382 832 3445 visum
867 3399 906 3444 ex
933 3369 1081 3446 Africano
1117 3367 1247 3446 audisse
1282 3369 1422 3447 dicebat.

239 3485 272 3547 id
307 3485 335 3548 si
368 3485 414 3549 ita
443 3491 504 3566 est,
540 3491 576 3550 ut
603 3485 718 3566 optimi
745 3489 898 3568 cuiusque
926 3489 1050 3552 animus
1078 3489 1112 3553 in
1139 3493 1242 3552 morte
1270 3486 1424 3553 facillime

240 3590 346 3656 evolet
380 3596 543 3675 tamquam
578 3611 595 3657 e
630 3594 776 3659 custodia
809 3594 1007 3677 vinculisque
1043 3595 1196 3677 corporis
1232 3596 1283 3660 cui
1312 3613 1420 3661 cense-

239 3716 311 3762 mus
346 3717 474 3764 cursum
509 3701 549 3764 ad
572 3685 655 3764 'deos
683 3698 856 3766 faciliorem
885 3699 985 3766 luisse
1015 3719 1108 3782 quam
1137 3700 1301 3783 Scipioni?
1342 3720 1422 3784 quo·

240 3806 323 3869 circa
356 3824 499 3871 maerere
527 3807 588 3872 hoc
615 3807 685 3871 eius
714 3813 831 3873 eventu
858 3826 971 3872 vereor
997 3827 1037 3873 ne
1065 3808 1165 3874 invidi
1193 3810 1295 3890 magis
1324 3827 1421 3890 quam

239 3913 333 3976 amici
361 3913 415 3978 sit.
460 3914 510 3978 sin
538 3919 646 3979 autem
676 3915 732 3980 illa
758 3916 893 3995 veriora,
922 3922 959 3979 ut
985 3915 1071 3979 idem
1099 3915 1324 3981 interitus'sit
1351 3918 1419 3980 ani-

239 4033 363 4084 morum
399 4026 433 4084 et
460 4039 628 4102 corporum
656 4039 715 4086 nec
742 4023 826 4088 ullus
856 4040 970 4088 sensus
998 4027 1135 4103 maneat,
1153 4009 1154 4012 ¹
1170 4028 1207 4086 ut
1234 4022 1314 4087 nihil
1342 4007 1420 4088 boni

239 4131 290 4190 111
324 4127 357 4190 11
391 4132 505 4208 morte,
542 4132 589 4193 sic
622 4136 709 4194 certe
744 4130 824 4195 nihil
860 4129 953 4209 mali;
990 4147 1086 4195 sensu
1121 4131 1205 4194 enim
1233 4131 1353 4195 amisso
1381 4128 1446 4194 fit.

238 4233 336 4312 idem,
367 4235 460 4315 quasi
486 4239 581 4301 natus
609 4255 673 4301 non
702 4242 790 4301 esset
808 4237 946 4317 omnino,
976 4255 1070 4318 quem
1089 4242 1196 4302 tamen
1215 4255 1288 4302 esse
1307 4241 1418 4302 natum
