3296 4754
254 554 271 613 2
355 505 359 516 ’
643 550 1036 608 111111111111111111

253 775 411 852 dicemus;
446 774 529 838 hunc
562 775 678 840 librum
707 776 747 840 ad
775 780 808 841 te
836 777 876 840 dc
904 780 1069 840 senectute
1096 775 1252 840 misimus.
1300 793 1424 840 omnem

251 885 360 946 autem
389 875 568 946 sermonem
596 882 767 950 tribuimus
794 902 858 948 non
884 882 1032 963 Tithono,
1061 886 1098 947 ut
1115 882 1225 947 Aristo
1245 880 1329 946 Ceus
1355 883 1425 964 (pa-

252 1007 323 1052 rum
357 987 442 1052 enim
477 993 565 1054 esset
590 990 791 1056 auctoritatis
818 991 851 1054 in
879 987 1011 1076 fabula),
1046 989 1103 1054 sed
1130 989 1174 1054 M.
1204 987 1317 1054 Catoni
1345 989 1424 1067 seni,

253 1113 315 1176 quo
339 1095 491 1160 maiorem
517 1097 740 1161 auctoritatem
765 1096 899 1162 haberet
924 1097 1036 1162 oratio.
1065 1095 1151 1179 apud
1169 1114 1264 1178 quem
1283 1095 1425 1160 Laelium

253 1207 286 1266 et
314 1200 493 1283 Scipionem
528 1200 661 1269 facimus
696 1203 900 1282 admirantes,
936 1203 1022 1285 quod
1056 1203 1084 1271 is
1120 1206 1186 1267 tam
1213 1201 1305 1268 facile
1334 1221 1425 1267 sene·

253 1312 371 1373 ctutem
414 1307 506 1390 ferat,
549 1310 660 1390 eisque
697 1329 769 1375 eum
806 1311 1063 1392 respondentem.
1111 1310 1166 1392 qui
1203 1310 1232 1374 si
1268 1310 1425 1374 eruditius

252 1415 414 1481 videbitur
441 1415 616 1500 disputare,
645 1435 739 1498 quam
767 1418 932 1482 consuevit
958 1417 1085 1500 ipsein
1110 1419 1178 1482 suis
1203 1417 1305 1497 libris,
1334 1417 1426 1480 attri-

252 1522 341 1588 buito
367 1523 485 1588 litteris
505 1522 647 1604 Graccis,
676 1542 808 1605 quarum
833 1528 958 1590 constat
977 1543 1050 1589 eum
1069 1524 1307 1605 perstudiosum
1326 1521 1426 1588 fuisse

253 1631 286 1694 in
320 1634 495 1706 senectute.
542 1631 599 1696 sed
636 1631 713 1712 quid
749 1649 829 1712 opus
866 1635 918 1695 est
953 1631 1067 1712 plura?
1103 1631 1167 1695 iam
1204 1630 1288 1695 enim
1324 1630 1425 1710 ipsius

254 1734 384 1801 Catonis
419 1755 523 1802 sermo
557 1737 728 1820 explicabit
762 1742 905 1803 nostram
940 1756 1065 1803 omnem
1093 1737 1133 1802 de
1161 1740 1326 1802 senectute
1355 1755 1425 1801 scn-

253 1844 398 1908 tentiam.

159 1977 161 1980 ·
216 1920 236 2046 Ξ
344 1948 490 2016 SCIPIO.
538 1949 640 2032 Saepe
665 1945 797 2017 nume'ro
819 1952 970 2016 admirari
988 1951 1075 2025 soleo
1095 1969 1166 2015 cum
1185 1951 1245 2016 hoc
1264 1949 1298 2015 Ο.
1318 1939 1442 2016 Laelio¹

254 2076 324 2122 cum
352 2061 530 2123 ceterarum
557 2077 665 2122 rerum
692 2064 780 2123 tuam
809 2059 1026 2138 excellentem,
1055 2058 1098 2122 M.
1119 2056 1209 2137 Galo,
1237 2055 1425 2139 perlectam-

254 2182 316 2245 que
351 2166 541 2246 sapientiam
577 2169 645 2230 tum
673 2165 724 2230 vel
751 2166 897 2245 maxime,
934 2165 1019 2248 quod
1047 2183 1219 2246 numquam
1247 2163 1306 2229 tibi
1334 2181 1425 2228 sene·

252 2274 372 2336 ctutem
390 2291 519 2354 gravem
538 2290 609 2337 esse
629 2273 795 2352 senserim,
821 2291 902 2354 quae
921 2273 1083 2354 plerisque
1100 2272 1232 2337 senibus
1252 2271 1298 2336 sic
1317 2271 1427 2352 odiosa

253 2382 314 2457 est,
342 2384 379 2444 ut
406 2397 486 2443 onus
515 2397 550 2444 se
577 2379 682 2444 Aetna
709 2379 837 2461 gravius
867 2380 974 2444 dicant
1001 2380 1171 2444 sustinere.

343 2484 463 2552 CATO.
508 2486 588 2550 Rem
616 2486 701 2550 haud
729 2504 805 2551 sane
834 2484 1006 2566 difficilem,
1043 2485 1148 2567 Scipio
1177 2490 1210 2550 et
1237 2484 1336 2566 Laeli,
1371 2487 1426 2551 ad·

253 2593 363 2657 mirari
389 2593 549 2657 videmini.
593 2593 708 2674 quibus
737 2594 821 2658 enim
848 2593 928 2658 nihil
957 2597 1007 2658 est
1033 2594 1067 2657 in
1091 2594 1172 2674 ipsis
1198 2593 1268 2673 opis
1288 2595 1328 2658 ad
1347 2594 1425 2658 bene

253 2699 410 2781 beateque
444 2700 624 2779 vivendum,
659 2700 706 2764 eis
742 2701 844 2766 omnis
879 2705 968 2765 aetas
997 2701 1102 2782 gravis
1131 2704 1198 2784 est;
1239 2701 1294 2781 qui
1321 2704 1425 2766 autem

254 2807 361 2871 omnia
386 2807 470 2872 bona
497 2826 516 2871 a
544 2824 579 2871 se
607 2806 687 2888 ipsis
715 2810 840 2887 petunt,
869 2808 916 2872 eis
944 2807 1169 2872 nihilmalum
1188 2811 1298 2889 potest
1315 2807 1425 2884 videri,

205 2921 211 2931 ‘
255 2913 340 2994 quod
367 2917 500 2978 naturae
527 2915 703 2978 necessitas
731 2911 864 2978 adferat.
907 2932 969 2995 quo
997 2915 1031 2978 in
1056 2931 1174 2995 genere
1194 2915 1296 2979 estin
1315 2913 1426 2996 primis

255 3023 421 3100 senectus;
455 3039 549 3103 quam
577 3024 614 3085 ut
640 3021 858 3105 adipiscantur
886 3039 995 3085 omnes
1025 3025 1146 3102 optant,
1177 3021 1309 3086 eandem
1337 3038 1427 3085 accu-

256 3131 329 3192 sant
354 3127 480 3212 adepti3
507 3131 597 3192 tanta
622 3132 674 3192 est
692 3128 850 3192 stultitiae
868 3129 1083 3192 inconstantia
1100 3132 1196 3210 atque
1215 3127 1426 3208 perversitas!

256 3233 410 3317 obrepere
429 3236 520 3298 aiunt
539 3252 608 3299 eam
628 3235 721 3300 citius
741 3253 836 3316 quam
854 3239 1033 3316 putassent.
1075 3236 1213 3315 primum
1232 3233 1303 3315 quis
1322 3234 1427 3314 coegit

255 3358 310 3406 eos
345 3340 461 3406 falsum
496 3342 632 3423 putare?
677 3342 733 3423 qui
767 3342 852 3406 enim
887 3341 981 3406 citius
1016 3341 1251 3406 adulescentiae
1280 3344 1427 3405 senectus

255 3466 350 3528 quam
377 3449 534 3529 pueritiae
562 3448 779 3513 adulescentia
806 3447 954 3528 obrepit?
991 3447 1105 3513 deinde
1124 3449 1180 3530 qui
1198 3447 1303 3513 minus
1322 3448 1428 3530 gravis

255 3558 343 3619 11111
377 3558 424 3619 eis
452 3559 611 3634 senectus,
646 3556 675 3620 si
702 3555 1001 3638 octingentesimum
1029 3574 1146 3620 annum
1174 3559 1308 3636 agerent
1335 3572 1428 3637 quam

255 3661 283 3725 si
318 3663 570 3742 octogesimum?
604 3663 777 3743 praeterita
810 3662 895 3726 enim
929 3666 1019 3726 aetas
1052 3663 1197 3742 quamvis
1231 3661 1326 3743 longa
1358 3679 1428 3725 cum

255 3765 444 3849 effluxisset,
478 3770 566 3836 nulla
599 3769 773 3834 consolatio
807 3768 1004 3850 permulcere
1038 3773 1149 3850 posset
1177 3768 1308 3834 stultam
1337 3786 1428 3832 sene-

219 3879 385 3950 5ctutem.
417 3877 579 3957 ¹quocirca
607 3877 635 3941 si
664 3876 853 3957 sapientiam
882 3893 986 3939 meam
1013 3876 1164 3940 admirari
1192 3875 1305 3941 soletis
1333 3875 1428 3957 (quae

255 3982 378 4046 utinam
413 3983 510 4064 digna
543 3987 632 4048 11111
666 3984 815 4064 opinione
849 3987 957 4048 vestra
990 3985 1165 4064 nostroque
1200 3983 1386 4063 cognomine
1395 3981 1428 4062 1),

255 4089 288 4153 in
316 4088 376 4154 hoc
403 4107 513 4154 sumus
542 4090 714 4171 sapientes,
744 4089 829 4170 quod
856 4092 1001 4153 naturam
1031 4088 1183 4170 optimam
1212 4088 1324 4154 ducem
1349 4093 1429 4154 tam·

256 4213 350 4274 quam
379 4195 474 4262 deum
502 4197 666 4278 sequimur
694 4197 787 4279 eique
814 4214 980 4278 paremus3
1009 4215 1028 4261 a
1054 4213 1117 4278 qua
1142 4213 1205 4261 non
1230 4197 1299 4260 veri
1324 4196 1428 4262 simile
